3234 4909
268 281 355 347 1400
614 298 652 345 u.
676 297 843 348 renerus
868 300 1002 349 crosno

270 439 378 503 sedit¹
401 437 571 523 utriusque
593 458 710 504 nomen
734 442 767 505 in
787 450 980 524 queestura3
1005 442 1128 507 nullum
1152 446 1242 509 euim
1266 446 1367 511 vobis

271 559 343 604 sors
358 558 512 625 campum
527 540 645 619 dedit:
659 542 694 605 in
710 561 779 626 qno
795 562 970 608 excurrere
982 552 1004 591 ¹³
1021 544 1125 610 virtus
1138 548 1365 629 cognoscique

271 648 400 727 posset.
443 643 496 706 19.
520 640 660 726 Reliqui
675 641 853 728 temporis'
873 648 1022 728 spatium
1037 646 1070 710 in
1086 649 1330 712 contentionem
1341 654 1369 694 ¹⁴

272 748 432 807 vocatur:
460 743 504 806 nb
530 752 670 826 utroque
696 744 920 809 dissimillima
945 748 1072 811 ratione
1096 754 1273 813 tractatum
1301 756 1366 813 est.

274 859 331 907 rx.
354 844 487 907 Servius
508 842 564 909 hic
583 847 759 911 nobiscnm
780 847 866 912 hanc
886 849 1047 913 urbanum
1067 848 1217 913 militiam
1233 868 1366 931 respon-

272 945 380 1023 dendi,
405 946 582 1024 scribendi,
605 948 758 1027 cavendi,
784 948 915 1031 plenam
939 948 1160 1015 solicitudinis
1183 968 1224 1013 ec
1246 954 1366 1016 stomu-

273 1046 358 1123 chi!
374 1053 512 1112 secutus
532 1055 602 1113 est:
619 1048 678 1131 jus
697 1050 796 1113 civile
812 1049 947 1113 didicit:
970 1048 1108 1113 multum
1125 1048 1296 1130 vigilavit:
1320 1049 1367 1113 lu-

273 1148 424 1213 boravit:
455 1158 581 1231 praesto
606 1150 719 1213 multis
744 1150 852 1215 fuit:¹
887 1150 1067 1215 multorum
1092 1148 1267 1213 stultitiam
1294 1168 1367 1231 per·
1446 1152 1448 1157 '

275 1267 395 1331 pessus
409 1254 478 1314 est:
501 1250 720 1332 arrogantium
735 1250 891 1333 pertulit:
913 1249 1136 1313 difficultatem
1152 1249 1368 1315 exsorbuitzt

276 1349 364 1414 vixit
386 1350 429 1415 ed
455 1350 594 1415 aliorum
616 1350 801 1427 arbitrium,
824 1368 891 1414 non
913 1349 956 1413 ed
977 1369 1087 1413 snum.
1134 1348 1259 1431 Magne
1278 1350 1366 1423 leus.

276 1457 309 1515 et
329 1459 446 1533 grutu²
468 1452 669 1527 hominibus,
693 1471 794 1516 unum
818 1451 981 1515 hominem
1003 1451 1169 1514 elaborare
1186 1450 1220 1513 in
1242 1469 1283 1514 eu
1303 1452 1368 1515 sci·

276 1553 375 1627 entis,
391 1572 468 1637 quse
491 1554 535 1616 sit
554 1552 670 1616 multis
696 1553 877 1635 protutura.
920 1552 973 1615 20.
998 1550 1090 1628 Quid
1115 1549 1253 1615 Murena
1273 1551 1369 1617 iuter·

277 1654 341 1717 eut
363 1652 546 1717 fortissimo
566 1660 599 1717 et
619 1653 865 1736 sapientissimo
887 1653 969 1728 viro,
991 1659 1141 1716 summo³
1164 1651 1368 1734 imperatori,

277 1754 410 1835 legatus
424 1753 464 1817 Ιι.
479 1754 619 1819 Lucullo
633 1755 718 1836 fuit3
740 1773 809 1837 qnu
828 1755 859 1818 in
874 1753 1042 1837 legatione
1056 1753 1154 1818 duxit
1168 1753 1368 1817 exercitum:

278 1853 376 1935 signu
390 1854 548 1919 eontulit:
571 1875 705 1921 manum
721 1855 910 1920 conseruit:
934 1872 1069 1937 mugnus
1089 1852 1206 1936 copies
1224 1853 1369 1917 hostium

278 1953 382 2019 fudit:
414 1955 514 2019 urbes
540 1958 658 2039 partim
685 1956 876 2038 vi,1›urtim
906 1954 1082 2019 obsidione
1110 1954 1222 2036 cepit:
1251 1953 1369 2018 Asiam

278 2055 380 2120 istem
405 2054 584 2136 refertum,4
605 2063 637 2121 et
662 2056 799 2121 eundern
815 2055 1018 2127 delicatum,⁸
1041 2056 1092 2121 sic
1116 2056 1211 2129 obiit,
1236 2055 1317 2119 utin
1330 2074 1372 2119 ee

279 2175 385 2241 neque
411 2159 572 2236 evuritiae,
598 2178 705 2242 neque
719 2157 861 2223 luxuries
876 2156 1052 2237 vestigium
1068 2156 1255 2240 reliquerit:
1277 2173 1370 2220 mux-

281 2256 349 2322 imo
365 2258 400 2322 in
415 2259 504 2323 bello
518 2261 570 2324 sic
585 2265 639 2324 est
659 2263 823 2335 versatus,
850 2265 886 2323 ut
907 2258 960 2322 hic
983 2257 1104 2322 multus
1117 2276 1169 2321 res
1185 2264 1219 2321 et
1233 2276 1371 2339 magnes

280 2359 352 2424 sine
367 2361 562 2444 imperatore
577 2361 728 2443 gesserit,
753 2361 877 2425 nullum
892 2360 964 2423 sine
989 2359 1054 2423 hoe
1075 2360 1264 2441 imperator.
1309 2356 1370 2423 At-

281 2479 347 2542 que
361 2461 447 2538 hcec,
462 2480 651 2545 quanquam
664 2468 676 2507 ⁵
692 2468 853 2544 proesente
868 2460 907 2523 [r.
926 2456 1088 2525 Lucullo¹¹
1103 2460 1232 2543 loquer,
1248 2465 1368 2535 temen,
1399 2500 1402 2503 -

313 2607 434 2656 creor.
558 2607 714 2659 snm.
844 2608 1004 2679 eurique.

892 2813 896 2821 ,
931 2786 939 2817 t

283 2844 304 2891 χ
314 2831 440 2879 erm—12
456 2827 530 2879 Idem
540 2829 811 2893 eed.mtterm.-1s
829 2830 910 2885 codd.
920 2849 939 2893 χ
950 2833 1128 2893 terenti-lt
1146 2832 1167 2883 c
1179 2834 1355 2885 contuitionem
1362 2851 1372 2891 ,·

284 2892 311 2941 ll
321 2892 340 2941 8
350 2893 497 2954 mrtoren,·
512 2912 532 2957 χ
541 2897 657 2945 cestim.
690 2896 762 2949 Mox,
781 2910 828 2957 pro
846 2902 973 2945 natatum
991 2902 1035 2955 eet,
1053 2898 1144 2945 Frrnc.
1156 2898 1238 2946 Prrie.
1251 2900 1316 2949 ult.
1328 2902 1372 2950 tre·

284 2956 348 3005 orer
358 2963 474 3008 certem
484 2967 529 3020 ert,
541 2960 668 3022 prebente
680 2960 768 3009 Grae.
785 2962 919 3009 troducturus
931 2966 966 3009 ert
978 2962 1046 3022 conj,
1058 2962 1186 3011 Muttinis.

318 3022 384 3072 Cu.
401 3035 442 3071 ιι.
475 3028 488 3071 l
507 3024 572 3074 ced.
582 3025 662 3085 dsrit
672 3025 814 3074 testu-s
831 3024 926 3086 Codx
944 3030 968 3073 et
982 3024 1074 3085 gratie.
1107 3026 1178 3080 Mox,
1195 3026 1300 3075 erunt.
1310 3026 1374 3076 tete·

283 3099 340 3135 rere
348 3087 375 3135 irr
385 3100 414 3136 eo
424 3088 541 3136 meatu
553 3090 692 3137 Fretum-⁸
711 3090 773 3138 voc.
792 3102 881 3136 summo
898 3090 971 3136 deert
988 3090 1013 3135 in
1033 3088 1055 3137 C
1071 3088 1097 3137 H
1115 3090 1132 3138 S
1151 3093 1178 3151 ψ,
1198 3091 1288 3140 Frsnc.
1317 3096 1324 3119 ¹
1337 3090 1373 3140 At

286 3155 340 3197 turn
360 3150 438 3200 etism
454 3151 506 3200 citu
523 3151 602 3201 deteri
619 3150 758 3201 detrusti!
776 3152 900 3201 Beck-4
917 3150 1094 3209 cedentum:
1110 3170 1130 3215 χ
1147 3152 1259 3211 refertar.
1291 3153 1374 3203 Pente

284 3221 354 3276 port,
370 3214 409 3262 lic
424 3214 498 3263 deest
515 3215 542 3264 in
558 3216 650 3265 Frsne.
661 3226 688 3266 et
706 3217 797 3267 rbem
809 3228 892 3278 posse,
904 3224 990 3265 monet
1001 3214 1129 3265 Graerins.
1162 3218 1269 3275 Deinde.
1286 3220 1376 3267 redere

284 3276 538 3341 etnetutnperatm
550 3278 628 3329 c.-e
646 3280 700 3329 Pro
715 3295 855 3343 mnemon,
870 3278 980 3341 xbrbet
997 3294 1075 3342 quom.
1109 3280 1161 3329 Pro
1178 3283 1259 3343 terrun
1269 3282 1375 3332 Ernesti

267 3348 271 3361 ¹
283 3341 353 3403 conj.
363 3342 455 3405 loquor,
472 3344 598 3406 prebente
609 3344 743 3407 Spalding.
753 3353 781 3393 et
792 3344 922 3394 Mettlrire.
956 3344 1029 3407 Mor,
1038 3359 1169 3394 concarrus
1178 3346 1302 3397 sidenem
1312 3363 1373 3407 χ..-

778 3495 886 3547 NOTAE

318 3592 459 3656 ‘campere
476 3592 554 3657 dedit]
583 3592 661 3643 Nolle
678 3608 732 3643 rore
749 3608 810 3657 pro·
852 3594 914 3643 rtem
939 3591 1048 3655 portiom
1074 3591 1224 3654 euclidem,
1241 3600 1270 3642 nt
1287 3600 1374 3645 temen

286 3666 396 3716 vincitur
412 3666 486 3717 dedit
501 3668 626 3731 Sulpicio,
643 3669 669 3718 iu
686 3682 737 3733 que
755 3670 806 3718 ten·
850 3683 883 3718 ex
905 3668 1017 3732 ipsorum
1036 3670 1147 3731 partium
1164 3669 1231 3717 iuter
1249 3682 1277 3717 re
1298 3670 1375 3719 cette·

285 3741 344 3791 dem
354 3742 500 3808 colligeret,
511 3744 724 3808 quemadmodum
737 3746 808 3794 cotti·
851 3744 921 3793 tione
933 3750 1069 3807 spuerent,
1080 3744 1109 3792 Ι..
1121 3744 1240 3793 Morene
1260 3744 1374 3795 studium

284 3818 356 3880 gitur
365 3830 399 3867 ex
410 3819 548 3881 provinciis
567 3820 593 3868 in
603 3820 696 3883 qnibur
713 3820 808 3870 bellum
850 3820 998 3883 Sulpiciano
1010 3817 1143 3868 anteferri.

285 3892 393 3955 geritur.
881 3902 894 3937 r
912 3893 1034 3953 Refertur
1042 3900 1066 3943 et
1076 3892 1212 3955 delicatum]
1226 3892 1288 3943 Aris
1299 3895 1376 3957 plens

319 3964 330 3998 ¹
341 3967 436 4031 Reliqui
444 3968 566 4032 temperie]
582 3968 810 4031 Sequitnrrtudio·
850 3969 950 4034 opibus,
961 3978 990 4020 et
1000 3970 1071 4019 lrrxnt
1084 3970 1173 4018 dedite
1182 3968 1241 4019 fnit.

287 4052 344 4087 rum
352 4043 519 4105 compartito,
528 4043 554 4092 irr
565 4057 616 4107 qur
627 4046 708 4107 primo
716 4046 810 4094 utrius·
883 4043 895 4077 ὓ
906 4044 1030 4093 Proererrte
1037 4044 1067 4092 1..
1073 4044 1182 4108 chutte]
1195 4046 1376 4110 annltur‚qui

286 4128 335 4179 que
346 4116 425 4165 studit
435 4117 587 4181 digniteterrr
603 4119 640 4169 ttr
658 4134 705 4185 per
716 4134 810 4185 conge·
851 4120 991 4185 imperetur
1006 4117 1093 4169 tuerer
1109 4120 1136 4169 in
1148 4119 1210 4170 Asis
1222 4129 1313 4172 eontra
1324 4122 1377 4172 ΜΙ-
