3234 4909
547 454 619 503 rno
643 454 799 513 senoco,
823 439 975 506 unrffl.
1226 442 1314 509 15ae

215 598 353 682 aliquod
373 598 506 679 gravius
528 598 717 675 accidisset,
734 606 772 663 ut
786 618 831 663 ex
844 599 963 665 iisdem
979 598 1133 682 prediis·
1154 606 1189 666 et
1202 598 1313 686 Apol·

214 700 326 765 iouide
345 706 380 763 et
401 698 522 763 Romae
543 700 738 782 imperatum
753 706 842 763 asset
857 700 1029 765 tributum,
1072 699 1198 765 Verum
1212 708 1310 768 ester

216 802 382 883 gloriosus
397 802 512 866 suisti:
537 801 669 865 uoluisti
687 820 840 881 maguum
864 804 933 882 agri
955 801 1091 866 modum
1112 804 1261 881 censeri,⁴
1281 810 1315 870 et

215 902 289 986 eius
303 902 400 985 agri!
417 902 475 986 qui
486 901 591 967 dividi
604 902 695 984 plebi
707 900 891 967 Romanuk
904 922 972 967 non
990 909 1141 986 potest.¹⁴
1182 902 1312 970 Census

216 1022 252 1066 es
265 1012 433 1087 praterea
454 1009 631 1069 numeratoe
651 1004 810 1085 pecuniae
830 1009 960 1069 centurn
976 1001 1123 1087 triginta¹
1145 1003 1224 1069 H·S
1240 1006 1313 1071 rnil-

216 1105 296 1168 lia.¹⁵
340 1106 425 1169 Eam
447 1106 566 1189 opinor
588 1104 649 1169 tibi
671 1114 875 1169 numeratam
899 1124 965 1169 non
983 1126 1057 1171 asse
1076 1107 1137 1169 abs
1156 1112 1201 1171 te.
1246 1106 1315 1171 Sed

216 1209 289 1274 hmo
304 1208 429 1273 omitto.
474 1206 606 1273 Census
630 1226 667 1272 es
690 1208 888 1291 mancipium
911 1208 1086 1291 Amyntae:
1109 1228 1216 1291 neque
1236 1210 1313 1274 inuio

217 1310 318 1377 ullum
343 1308 378 1371 in
399 1328 440 1373 eo
462 1308 573 1373 ienisti
591 1306 765 1390 injuriam
796 1309 949 1391 possidet
967 1310 1055 1373 enim
1078 1328 1121 1375 ea
1141 1310 1314 1393 mancipio

219 1398 395 1493 Amyntas.
440 1410 493 1474 Au
519 1408 778 1493 primoquidem
803 1411 983 1493 pertimuit,
1006 1429 1084 1475 cum
1108 1415 1142 1475 te
1167 1410 1314 1475 audisset

218 1531 334 1576 sersus
363 1530 445 1575 suos
474 1530 550 1575 essa
579 1516 743 1576 censum-⁸
799 1510 930 1574 Retulit
956 1511 999 1575 ad
1029 1510 1315 1594 jurisconsultum

219 1612 405 1677 Constabat
430 1612 514 1675 inter
536 1631 661 1688 omnes,
677 1614 704 1675 si
728 1612 836 1675 aliena
849 1612 1041 1676 censendo⁰
1066 1612 1234 1676 Decianus
1249 1632 1314 1679 sua

218 1712 327 1777 iacere
341 1723 466 1796 posset,
480 1730 555 1777 auur
566 1713 586 1753 *
609 1714 805 1794 [maximam
821 1712 1008 1777 habiturum
1023 1732 1100 1777 essa
1113 1710 1316 1778 familiam.¹⁶

219 1812 434 1897 Responsum
458 1822 524 1889 est,
547 1814 621 1896 ejus
645 1816 737 1878 teoto
759 1831 825 1876 nou
847 1813 962 1877 rideri.
981 1826 987 1842 ’
1006 1814 1100 1878 ldem
1129 1814 1239 1878 visum
1260 1826 1316 1879 est

219 1924 337 1997 postea
360 1916 499 1989 Flacco,
524 1934 599 1979 cum
629 1934 697 1979 reru
728 1924 973 1997 cognosceret:
1004 1915 1120 1998 itaque
1143 1914 1316 1995 decrevit}

221 2030 372 2079 xxxin.
395 2014 450 2080 81.
479 2016 624 2081 Habetis
654 2034 793 2080 causam
823 2015 1086 2093 inimicitiarum,
1116 2036 1186 2100 qua
1213 2034 1316 2080 causa

220 2116 447 2181 inflammatus
488 2116 657 2181 Decianus
693 2116 735 2181 ad
771 2114 911 2181 Laeiium
943 2116 1096 2181 detulerit
1124 2117 1209 2181 hano
1242 2117 1315 2201 opi·

222 2216 341 2279 mam*¹
365 2218 622 2281 accusationem·
667 2216 756 2280 Nam
780 2218 828 2281 ita
848 2224 986 2299 questus
1008 2226 1061 2281 est
1083 2218 1224 2295 Loelins,
1239 2237 1315 2283 uum

258 2394 469 2444 ‘Hsbsrsmaitos
479 2410 558 2457 agros.
699 2394 763 2445 sEt
775 2410 903 2457 snsngres.

252 2460 602 2529 tcmptnitisrisnsassttes.
734 2458 746 2492 i
766 2460 873 2511 Dieron.

682 2602 769 2623 ”0000
772 2602 860 2624 uun

224 2729 253 2774 it
271 2725 376 2774 Ernesti
392 2726 460 2787 conj.
476 2729 626 2787 posset-rt
644 2725 716 2775 Crst.
733 2725 822 2785 Nsng.
834 2725 916 2775 omn.
932 2734 1061 2777 amante
1077 2732 1182 2791 perusin
1201 2732 1319 2783 CXXX.

223 2788 337 2851 Herrsg.
352 2804 377 2836 a.
394 2804 418 2851 p.
435 2794 528 2837 centnm
544 2788 647 2850 triginta
664 2789 756 2846 milda,-
773 2789 877 2837 Manus.
896 2791 963 2853 oonj.
977 2806 1004 2839 a.
1018 2808 1044 2856 p.
1063 2794 1171 2842 CXXX
1182 2796 1318 2849 Hae-ra

224 2852 338 2915 iinrvsg.
357 2854 428 2901 Cam.
447 2868 499 2901 sans
512 2868 544 2899 m·
559 2854 584 2901 t.
597 2866 646 2901 esse
661 2854 754 2901 domina
763 2868 773 2911 ,·
790 2856 848 2902 ate
861 2861 926 2903 vett.
939 2855 981 2903 tib.
991 2870 1086 2904 essssa
1103 2858 1127 2904 i.
1142 2874 1193 2908 esse
1210 2862 1319 2920 prosim

222 2918 281 2965 ced.
293 2918 328 2965 Η.
344 2916 435 2979 Steph-
447 2932 498 2965 sum
515 2916 676 2965 murari.
688 2931 738 2964 esse
755 2919 949 2966 rsrsmeusiaus
958 2919 1057 2981 copim.
1090 2920 1180 2971 Verba
1190 2924 1263 2972 uncis
1281 2925 1319 2973 iu.

222 2982 295 3029 clusa
305 2988 364 3029 sunt
376 2996 390 3029 s
402 2996 483 3043 marg.
497 2988 546 3029 unt.
559 2980 617 3029 eod.
633 2985 640 3009 ⁸
654 2980 826 3042 inigeniosum,
838 2996 887 3028 ner
898 2989 984 3031 tamea
994 2984 1127 3046 probabile
1139 2996 1177 3035 est
1192 2990 1319 3037 recentiu-

223 3045 258 3094 ris
281 3046 390 3108 alienius
411 3046 571 3108 grammatici
596 3046 811 3106 srrpptsmsntnm.
851 3046 1055 3111 Stspiranisunus
1074 3063 1106 3097 sa
1125 3051 1319 3103 Lambinisnunr

223 3108 346 3161 conflarit
356 3110 460 3159 Sohnts.
471 3125 523 3159 eura
535 3144 542 3159 .
552 3142 574 3158 ..
586 3111 685 3172 sepiam.
720 3110 866 3173 Responsum
877 3145 884 3159 .
897 3112 1053 3162 ..decussit’
1070 3115 1153 3164 oreti.

717 3280 824 3329 NOTAE

224 3392 420 3458 persolvendum
440 3399 509 3442 asset
523 3392 657 3455 tributum,
670 3392 747 3458 Apol·
789 3392 821 3442 iit
840 3394 865 3442 iu
884 3408 956 3443 snum
974 3408 1081 3445 censum
1104 3408 1192 3446 omues
1211 3410 1318 3449 nervosa

224 3470 310 3519 innide
320 3470 439 3523 aiterum,
451 3468 559 3517 aiterum
573 3469 670 3518 Roma.
789 3472 919 3533 mancipis
941 3471 1018 3520 etiarn
1040 3480 1178 3521 sumuntur
1201 3487 1248 3537 pre
1270 3474 1319 3526 iilis

260 3545 321 3593 'Es
337 3544 422 3593 iisdem
440 3543 548 3606 prediis]
576 3544 615 3592 Ex
638 3543 748 3606 pratilo-
789 3545 872 3607 bonis,
892 3560 951 3610 qsrae
973 3555 1064 3611 postes
1084 3548 1187 3598 nubitis
1208 3562 1318 3601 voeare-

225 3634 279 3669 rnm
296 3634 353 3682 quse
370 3632 450 3668 censs
467 3624 554 3682 erant,
568 3619 747 3675 asrinrarione,
789 3630 858 3670 runt.

224 3694 348 3745 tributum
361 3693 541 3755 imponebatur
551 3693 699 3757 uniruique.
821 3704 834 3731 ¹
851 3698 938 3746 Seruus
948 3710 1002 3746 snos
1016 3711 1067 3746 ssse
1082 3698 1189 3761 em]
1216 3698 1319 3751 Timuit

256 3768 269 3803 Ι
288 3765 592 3830 msusmummmn
604 3767 679 3815 tiberi
691 3772 751 3816 snut
792 3770 918 3835 Amyntas
938 3786 996 3821 cnm
1016 3772 1053 3821 itii
1077 3774 1250 3821 renuntistnm
1269 3782 1319 3839 est,

225 3846 280 3909 agri
293 3841 752 3907 popnioRomdivtdinonpossunt,
790 3860 878 3894 servos
900 3846 968 3895 iliius
991 3861 1048 3895 esse
1071 3861 1172 3906 censor,
1195 3856 1223 3899 et
1250 3850 1319 3900 inter

224 3922 285 3985 qnia
294 3934 327 3969 ex
333 3920 393 3982 jure
402 3918 517 3966 Rnnranu
529 3930 577 3964 nnn
586 3915 750 3979 dependentr
792 3920 858 3971 bona
870 3936 916 3970 sna
927 3924 1046 3972 retniisse
1061 3922 1213 3973 Decianum.

224 3993 750 4059 surienimqninensiuenerunt,nruictse
822 4004 836 4030 ⁰
853 3997 985 4061 camus]
1012 3998 1171 4059 Responsum
1189 4006 1229 4047 est
1246 4015 1262 4049 s
1275 4002 1319 4067 ju·

227 4072 328 4119 nornine
341 4070 436 4133 populo
448 4067 638 4116 dividebantur.
793 4072 963 4135 riseuusuttis,
970 4073 991 4119 si
1001 4073 1085 4121 atiena
1095 4074 1121 4121 in
1130 4088 1235 4124 esurum
1245 4092 1319 4127 suum

257 4147 265 4179 ¹
282 4140 382 4195 Centum
399 4144 512 4205 triginta,
528 4141 589 4206 aa]
615 4142 751 4195 dieresin
793 4146 1003 4210 interruperat,
1017 4147 1088 4197 brevi
1105 4150 1260 4212 smpiissima
1275 4152 1320 4204 bn·

228 4221 348 4269 librarum
362 4220 449 4268 mittis.
793 4236 825 4272 ns
836 4222 983 4272 habiturum
996 4236 1053 4273 esse
1063 4224 1217 4277 Decianum.

260 4302 278 4329 Ι
296 4296 419 4345 Crassus
428 4292 556 4357 mancipio]
576 4293 606 4343 ld
618 4299 669 4356 est,
680 4294 751 4347 detu-
