3234 4909
315 430 401 497 1542
670 446 709 493 u.
734 446 902 495 uuuurus
926 446 1064 495 cronno

313 590 418 655 mines
458 589 639 671 opinionis,
668 588 762 653 uuila
793 588 986 661 uoluntatis,
1015 586 1108 653 nulla
1137 590 1310 653 sermonis.
1351 588 1407 654 97.

313 688 436 769 Quare,
450 690 479 753 si
496 690 572 773 quis
586 688 665 755 illuc
679 708 731 755 me
749 696 874 767 vocat,⁷
893 689 1012 753 venio:
1038 688 1201 771 populum
1217 688 1406 757 Mmauum

195 812 198 817 ·
312 790 569 874 disceptatorem
580 798 595 825 ²
616 809 680 857 nou
702 790 804 855 modo
824 807 889 853 non
903 808 1036 867 recuso,
1052 790 1113 854 sed
1129 791 1232 855 etium
1248 791 1404 874 deposco:

312 890 376 957 Vls
400 893 505 957 absit:
529 891 649 957 ferrum
674 911 713 957 ae
734 891 864 974 lapides
885 899 1136 957 removeantur:
1159 912 1273 975 operm
1299 890 1404 957 faces·

309 992 433 1071 sant,⁸⁰
454 994 612 1059 :servitiut
635 994 775 1061 sileant:
798 1012 897 1057 nemo
911 993 975 1057 erit
999 1001 1067 1058 tam
1090 993 1248 1077 injustus,
1270 992 1330 1077 qui
1352 1013 1406 1057 mo

308 1094 463 1172 audierit,
478 1096 525 1159 sit
545 1094 645 1161 modo
665 1094 770 1159 liberq
792 1100 826 1157 et
843 1093 941 1171 civis,
957 1094 1038 1177 quiu
1059 1097 1174 1177 potius
1196 1095 1237 1159 de
1258 1096 1404 1178 praemiis

309 1198 403 1271 meis,
421 1215 522 1279 quam
537 1196 580 1261 de
602 1216 702 1280 poena
724 1194 938 1277 cogitandum
964 1202 1069 1278 potet.
1116 1210 1264 1261 xxxix.
1287 1196 1319 1261 0
1344 1197 1403 1261 Dii

309 1296 529 1363 immortales!
550 1298 709 1381 quidhoc
724 1296 898 1362 mucuns:
919 1315 993 1375 uos,
1004 1298 1063 1380 qui
1075 1296 1116 1363 P.
1126 1296 1270 1362 botulo
1283 1296 1403 1363 sermm

310 1408 344 1464 et
357 1399 526 1464 flammam
541 1398 583 1465 de
599 1398 754 1462 manibus
776 1398 991 1476 extorsimus,
1006 1398 1167 1481 imperitae
1182 1397 1403 1463 multitudiuis

304 1499 459 1585 judicio¹
491 1498 706 1565 confidimus:
737 1498 1011 1563 lectissimorum'
1031 1498 1156 1563 civium
1179 1508 1214 1563 et
1239 1498 1403 1582 amplissi-

308 1620 434 1667 momm
466 1603 649 1667 sententias
680 1598 955 1685 pertimescimus.
1011 1598 1066 1664 98.
1097 1596 1147 1664 Μ’
1170 1596 1404 1682 Aquillium²:

307 1708 421 1785 patres
450 1704 559 1768 nostri
589 1702 703 1767 multis
732 1701 882 1765 avaritiae
909 1700 1104 1765 criminibus
1134 1702 1401 1785 testimoniisque

307 1804 512 1882 convictum,
539 1806 617 1888 quia
642 1824 718 1869 cum
744 1802 896 1884 fugitivis
921 1800 1052 1867 fortiter
1081 1803 1223 1867 bellum‘
1241 1812 1400 1885 gesserat,

305 1902 435 1987 jndicio
450 1904 699 1971 liberaverunt!
742 1902 867 1968 Consul
890 1923 951 1985 ego
974 1922 1078 1987 nuper
1091 1903 1225 1969 defendi
1248 1903 1287 1968 G.
1303 1904 1401 1971 Piso·

308 2024 403 2086 nem;
428 2008 486 2089 qui
501 2007 582 2090 quia
597 2006 718 2071 consul
732 2005 830 2070 fortis
845 2012 1072 2089 constansque
1092 2006 1211 2084 fuerat,
1227 2006 1403 2072 incolumis

308 2115 361 2173 ast
380 2106 576 2192 reipublicae
596 2116 826 2173 conservatus.
869 2106 1011 2171 Deseudi
1033 2107 1111 2172 item
1130 2107 1249 2173 consul
1266 2107 1398 2173 Iullu-

306 2224 430 2283 reuum,
446 2208 621 2274 consulem
637 2208 868 2290 designatum:
890 2227 986 2273 uerno
1001 2208 1134 2274 illorum
1148 2208 1313 2293 judicum,
1329 2210 1399 2275 clu·

306 2309 447 2375 :issimis
470 2310 574 2377 viris²¹
597 2310 844 2387 accusantibus,
870 2310 1091 2376 audiendum·
1112 2312 1179 2377 sibi
1202 2310 1246 2377 de
1270 2312 1399 2377 ambitu

338 2495 351 2530 θ
369 2496 535 2548 disciverant.
665 2507 675 2532 ⁴
694 2499 865 2549 Obedlendu.

306 2736 403 2785 Etenim
418 2735 440 2787 si
448 2736 593 2801 perspiciant
603 2752 654 2789 eom
665 2744 764 2790 ermen
774 2740 851 2788 cedd.
862 2738 940 2789 Grat.
951 2745 980 2789 st
990 2740 1083 2789 Fraus.
1093 2744 1116 2789 1.
1136 2740 1295 2793 coadolevit
1304 2741 1398 2794 urere.

306 2808 333 2848 st
344 2800 367 2849 al
378 2807 404 2849 et
415 2816 466 2849 eura
477 2800 574 2852 delerit
586 2803 677 2853 Laruis.
710 2804 826 2856 Prosunt
838 2806 941 2855 Ernesti
953 2819 1011 2855 cum
1021 2804 1137 2854 Victorio
1146 2804 1219 2855 dedit
1228 2806 1293 2867 ¹loru,
1308 2818 1398 2862 contra

305 2862 380 2912 cedd.
393 2872 419 2913 et
432 2866 492 2915 edd.
503 2874 568 2915 vert.
599 2868 672 2924 Mox,
689 2866 791 2917 leminea
806 2868 926 2931 episima
944 2868 979 2920 Η.
1003 2884 1081 2919 enm
1095 2870 1200 2918 lrosrr'm
1215 2871 1291 2921 8.—:
1308 2872 1400 2925 (lod-e

304 2934 453 2979 reuocate-8
470 2930 544 2981 Idem
553 2932 611 2981 eod.
621 2947 696 2996 opera
707 2949 735 2982 m
744 2939 844 2982 camut.
877 2932 950 2995 Mox,
961 2933 1058 2983 stum·
1067 2933 1128 2982 liter
1138 2934 1357 2995 Camer.at01ir.

337 2992 405 3042 Car·
423 3006 525 3045 xxxrx.
559 3000 573 3047 1
592 2997 657 3047 eor.
673 3013 690 3049 c·
705 2998 865 3061 pericula-2
883 2997 926 3047 Ita
941 2997 1030 3049 Lauri).
1049 3008 1077 3049 et
1093 3008 1205 3050 receutt.
1228 3000 1266 3048 Μ.
1277 3001 1399 3065 Aquiliam

799 3165 908 3216 NOTAE

335 3308 347 3336 ¹
364 3300 565 3365 Disceptuterem]
586 3301 756 3367 Disceptstor
767 3302 830 3352 dici·
869 3300 964 3353 dicium
976 3300 1045 3351 terre
1056 3300 1164 3352 debent.

303 3382 354 3432 tur,
364 3376 407 3439 qui
414 3376 510 3440 judicis
521 3376 646 3427 arbitrire
656 3392 760 3427 munere
771 3377 829 3428 fun·
900 3387 910 3413 ⁸
927 3378 967 3429 Μ’
976 3380 1120 3444 squatina]
1144 3380 1191 3429 Vir
1209 3381 1348 3430 consularis
1361 3382 1396 3431 Α·
1468 3439 1472 3447 ,

304 3451 382 3514 gitur.
870 3457 972 3520 quinio·
992 3472 1008 3505 a
1027 3456 1065 3505 Μ.
1078 3456 1177 3506 Catone
1194 3468 1328 3507 occursans
1345 3450 1394 3515 eat,

335 3534 347 3560 ⁰
366 3526 450 3588 opera
463 3526 596 3590 famam]
622 3525 719 3588 Opere
739 3525 828 3577 dicun·
869 3542 898 3583 et
914 3533 946 3583 ab
956 3532 1072 3583 Antonio
1083 3532 1221 3596 delemus:
1236 3536 1310 3599 cujas
1326 3539 1395 3587 toui-

303 3610 347 3653 tur
362 3601 477 3651 homiues
493 3600 525 3651 ud
542 3616 622 3666 opera
636 3599 757 3652 facienda
767 3617 829 3652 eon·
868 3620 926 3658 earn
936 3607 1066 3659 concisam
1075 3607 1216 3673 judicibus,
1226 3611 1395 3662 eteiutrices

303 3678 382 3729 ducti·
869 3682 1128 3733 adremusosteudit.

333 3764 347 3799 r
364 3752 482 3817 Suettio]
501 3753 577 3803 Servi
588 3752 700 3802 omniurn
711 3754 827 3805 vilissimi
901 3756 1034 3823 ⁸Bellum]
1060 3758 1190 3823 Aquillius
1205 3761 1295 3810 consui
1313 3762 1338 3810 iu
1354 3762 1395 3812 Si·

301 3832 409 3882 remitit
427 3830 596 3881 dicebantur:
623 3831 693 3879 cirea
710 3831 827 3882 seditiosi
868 3834 1034 3884 cllialselluur
1050 3835 1194 3885 excitatum
1207 3852 1223 3885 a
1239 3838 1394 3889 serviseou·

302 3909 341 3959 ltis
369 3906 402 3957 ad
430 3906 572 3958 seditione:
594 3903 727 3956 faciendae
749 3908 827 3971 uulgo
867 3912 940 3962 fecit.

302 3984 451 4034 utebantur.
901 3995 913 4021 ¹¹
931 3988 1077 4037 caumate
1091 3988 1164 4053 ubis]
1188 3989 1228 4039 M.
1243 3990 1319 4051 cato,
1335 3990 1395 4041 Sul·

334 4058 447 4124 etun]
474 4058 715 4121 cainonensis,
736 4068 762 4109 et
783 4074 827 4122 pe·
868 4064 960 4129 piolus,
978 4064 1168 4114 etPorturuius
1185 4066 1321 4115 Murenam
1339 4073 1394 4116 am'·

302 4135 377 4186 cunia
387 4134 530 4187 conductus
541 4144 592 4196 aar,
601 4136 709 4185 liberum
722 4144 807 4186 sceat-
868 4138 936 4190 bitus
947 4148 1118 4190 ammarum:
1142 4155 1156 4189 a
1168 4140 1295 4191 cicerone
1304 4141 1393 4192 defeu-

334 4208 568 4272 'beete'sslmnl
592 4210 701 4261 ,ludices
721 4212 828 4277 ulloqui·
868 4229 919 4279 sus,
931 4213 1124 4266 absolutusest.

302 4292 355 4345 tur,
364 4284 408 4349 qul
422 4281 589 4335 bcumiflcuur
600 4284 634 4334 de
645 4284 770 4337 Cicerone
783 4288 828 4352 ju·
