3234 4909
355 434 440 498 1172
666 493 671 504 .
700 448 740 495 n.
762 446 932 495 ausurus
956 446 1090 494 cronno

395 604 449 667 23.
476 602 519 666 nt
534 602 668 667 videte”
687 601 832 666 hominis
852 600 1066 683 diligentiam,
1083 602 1111 663 si
1128 606 1188 663 aut
1204 598 1341 663 Rullum
1357 600 1446 683 eogi-

349 711 455 780 -tasse,
471 710 531 766 aut
546 703 582 766 si
605 700 708 767 Rullo
725 703 880 784 potuisse
896 704 929 765 in
944 710 1089 767 mentem
1105 703 1217 765 venire
1232 702 1447 765 arbitramini.

353 803 521 868 Viderunt
543 804 578 877 ii,
593 804 654 887 qui
673 803 747 867 boec
762 803 1050 878 machinabantur,
1066 804 1095 867 si
1111 803 1207 867 robis
1223 822 1265 865 ex
1282 803 1372 866 omni
1385 821 1449 885 po·

353 906 435 988 pulo
447 904 613 985 deligendi
629 912 781 986 potestas
793 915 889 967 esset
903 902 994 981 data,
1006 922 1225 987 quaecumque
1240 922 1294 967 res
1303 903 1449 980 esset,in

351 1026 424 1090 que
437 1006 532 1080 tides,
545 1005 726 1086 integritas,
742 1007 856 1079 virtus,
873 1006 1054 1069 auctoritas
1069 1012 1280 1089 quaereretur,
1299 1024 1360 1067 vos
1374 1022 1449 1067 eum
1558 1012 1559 1015 ’

350 1109 425 1171 sine
446 1106 656 1171 dubitatione
678 1106 721 1171 ud
743 1104 805 1170 Gn.
823 1106 1021 1191 Pompeium
1046 1107 1249 1188 prinoipem‘
1268 1104 1447 1169 delaturos.

353 1210 409 1291 [p.
423 1209 494 1290 ⁷1.]
519 1206 662 1282 Etenim,
685 1227 782 1290 quem
802 1226 901 1273 nuum
921 1226 967 1272 ex
988 1208 1119 1272 eunctis
1144 1206 1393 1290 delegissetis,¹⁷
1414 1212 1452 1269 ut

355 1328 432 1373 eum
455 1309 609 1374 omnibus
631 1308 775 1373 omnium
796 1310 944 1391 gentium
962 1307 1061 1373 bellis
1081 1313 1167 1371 terra
1186 1318 1219 1371 et
1237 1310 1341 1370 mari*
1366 1326 1449 1389 prse-

357 1410 579 1493 poneretis3¹⁸
607 1417 696 1474 certe
717 1410 752 1473 in
778 1408 981 1474 decemviris
1001 1407 1177 1484 iaciendis,
1199 1408 1269 1471 sive
1289 1408 1371 1471 fides
1392 1409 1451 1471 ha-

356 1511 500 1587 beretur,
527 1510 600 1574 sira
626 1509 751 1589 bonos3
776 1517 811 1573 et
836 1509 999 1573 committi
1021 1507 1101 1573 baio
1125 1509 1261 1592 optime,
1284 1516 1318 1571 et
1340 1510 1452 1573 ornari

356 1609 445 1673 huno
454 1618 480 1661 ¹⁹
497 1609 685 1692 justissime
704 1628 804 1695 posse
825 1609 1068 1691 intelligebant.
1110 1610 1164 1674 24.
1187 1607 1308 1690 Itaque
1322 1610 1451 1692 excipi·

357 1718 431 1773 tury
445 1710 509 1775 bae
522 1711 607 1793 lege,
620 1730 686 1775 non
701 1711 950 1788 adolescentia,⁸
964 1730 1030 1775 non
1045 1711 1227 1793 legitimum
1243 1711 1380 1793 aliquod
1392 1712 1452 1773 im-

359 1810 594 1893 pedimentum,
603 1828 669 1877 nou
683 1819 849 1895 potestas,
863 1831 930 1875 nou
941 1814 1153 1895 magistratus
1168 1813 1267 1889 ullus,
1283 1812 1359 1877 aliis
1374 1830 1452 1892 neg-

323 1954 328 1959 *
359 1912 439 1975 otiis
455 1932 496 1977 ac
509 1912 640 1994 legibus
654 1913 853 1998 impeditus:
878 1934 955 1977 reus
965 1920 994 1951 ²⁰
1013 1914 1166 1997 denique,
1182 1932 1252 1998 quo
1269 1913 1379 1976 minus
1394 1911 1452 1975 de·

359 2016 485 2078 camvir
500 2015 568 2077 lieri
582 2016 702 2097 possit,
715 2034 781 2078 uon
796 2015 973 2098 excipitur.
1007 2014 1066 2079 Cu.
1079 2014 1263 2098 Pompeius
1276 2016 1454 2098 excipitur,

360 2132 402 2176 ne
427 2134 501 2178 cum
527 2114 567 2179 P.
582 2115 684 2180 Rullo
697 2114 813 2201 (taceo
836 2117 877 2181 de
900 2114 1033 2199 ceteris)
1047 2116 1213 2181 decemvir
1235 2116 1307 2179 fieri
1329 2116 1452 2199 possit.

361 2213 562 2280 Praeseutem
585 2235 659 2280 eum
680 2218 875 2300 profiteri¹⁸
892 2216 1000 2301 jubet,
1015 2216 1105 2301 quod
1128 2216 1221 2281 nulla
1236 2218 1305 2282 alia
1325 2217 1359 2280 iu
1381 2217 1453 2298 lege

391 2355 401 2380 ⁶
417 2346 536 2397 Primum.

362 2546 461 2595 Parim:
472 2546 522 2595 duo
530 2546 658 2596 Pellbls.
668 2548 792 2605 Turnebi,
800 2556 827 2597 et
839 2548 970 2613 pleraque
983 2550 1042 2599 edd.
1055 2556 1183 2601 vett.cnm
1195 2550 1259 2600 bell.
1269 2566 1336 2611 raquo
1346 2551 1369 2600 ei
1378 2554 1457 2613 perte.

362 2610 484 2660 Gulielm.
496 2610 566 2673 conj.
580 2610 689 2674 opsebili
699 2618 774 2674 purte.
808 2614 869 2661 Vid.
881 2614 953 2661 Nott.
965 2614 1039 2663 Verr.
1075 2616 1140 2665 Dein
1151 2614 1313 2663 retinebuntur
1325 2628 1339 2662 e
1351 2612 1456 2675 conjec-

362 2684 421 2723 tura
432 2674 516 2723 edidit
525 2676 586 2725 Eru.
597 2690 671 2739 qoem
683 2676 764 2725 Beck.
775 2683 803 2724 et
815 2676 921 2727 Sebutr.
931 2680 1013 2727 secuti
1025 2688 1093 2728 snut.
1118 2680 1207 2729 Ceteri
1218 2678 1357 2728 retinentur.
1379 2676 1456 2729 Orel-

363 2738 421 2801 llus,
433 2739 475 2801 qui
495 2748 571 2801 putat
588 2746 669 2791 totum
688 2741 770 2789 locum
786 2754 844 2788 erre
858 2752 1017 2804 corruptum,
1028 2744 1139 2806 conjecit
1152 2744 1254 2805 legend.
1265 2740 1457 2801 ceterusractas

363 2832 390 2851 ..
438 2816 505 2865 aepsu
515 2802 561 2851 ribi
569 2809 637 2863 parte
646 2806 822 2853 retinente-ll
838 2820 858 2865 χ
871 2806 1066 2867 delegistis-18
1084 2808 1150 2857 Edd.
1161 2807 1288 2857 nonnulle
1301 2816 1357 2870 post
1367 2820 1459 2869 prepo-

362 2865 452 2914 neretis
463 2880 560 2915 comma
573 2876 681 2930 ponunt.
695 2869 761 2917 Tum
771 2870 796 2917 ln
809 2868 901 2919 Frsnr.
914 2874 935 2919 t.
947 2876 1009 2919 certe
1019 2873 1044 2919 in
1052 2872 1354 2937 restauratorem—tn
1367 2871 1458 2919 Omen·

363 2930 418 2979 buit
430 2930 497 2979 Vsu.
510 2936 582 2981 inst.
607 2931 688 2981 ornati
698 2930 759 2981 burc
770 2932 911 2984 luna—lb
927 2932 997 2983 Ante
1007 2950 1060 2985 rear
1071 2937 1132 2985 edd.
1143 2938 1270 2985 nonnulla
1283 2950 1297 2983 e
1309 2935 1458 2999 conjecturs

364 2992 510 3045 Lauredsnl
526 2996 754 3047 instrumentum.
788 2998 851 3047 ntor
864 2998 889 3046 in
902 2998 923 3048 C
935 3000 952 3047 S
964 3014 984 3060 χ
994 3001 1128 3049 decemuiri.
1161 3000 1242 3050 Porro
1256 3004 1280 3049 in
1296 3001 1357 3047 blas.
1369 2998 1459 3061 pleris-

360 3073 415 3122 que
427 3069 453 3108 et
466 3060 523 3108 edd.
535 3068 595 3109 rute
606 3060 694 3111 θην.
706 3060 801 3110 desunt
811 3061 890 3111 verbs
906 3076 952 3112 non
968 3064 1086 3126 excipitur
1098 3098 1105 3111 .
1117 3098 1124 3112 .
1137 3098 1143 3110 .
1155 3062 1334 3129 decemuirfim'
1342 3062 1459 3127 possit.—

365 3126 377 3171 1
397 3125 453 3174 Pel.
463 3128 487 3175 2.
504 3124 557 3176 bis.
575 3126 700 3190 Turnebi,
717 3128 831 3191 quinque
843 3127 948 3177 Orous.
967 3128 1029 3177 blm.
1040 3128 1106 3176 ven.
1123 3126 1458 3179 rrso.1rst.srnr.sseck.

858 3268 967 3321 Nom

398 3370 460 3417 *At
475 3370 564 3431 aldae]
591 3373 678 3436 Auget
696 3374 788 3424 Cicero
810 3374 892 3437 surpi-
964 3372 1077 3436 altaque
1099 3372 1227 3437 excipitur]
1256 3372 1349 3422 Cicero
1370 3387 1461 3424 cautas

366 3443 464 3492 otonem
481 3445 508 3493 ia
522 3446 634 3508 Rullum,
645 3449 705 3511 qula
721 3464 798 3498 unum
816 3450 892 3499 Pom·
934 3458 1047 3498 removet
1057 3449 1226 3511 arreptiouls.

364 3518 453 3579 poium
464 3534 496 3569 ex
505 3519 682 3573 decemviratu
691 3526 795 3575 excludi
805 3528 894 3588 voluit,
964 3532 975 3557 ¹
1001 3524 1055 3573 Non
1072 3524 1240 3587 adolescentie]
1265 3524 1462 3575 Prohibebttur

346 3604 350 3612 ’
367 3606 399 3641 ne
417 3604 524 3658 propter
539 3602 732 3661 auctoritatem,
749 3610 776 3651 et
792 3601 849 3665 ejus
867 3605 893 3655 in
933 3612 965 3647 ne
977 3601 1031 3664 quis
1045 3601 1071 3649 in
1082 3601 1146 3651 urbe
1157 3602 1333 3665 srrglrtrstum
1346 3608 1463 3663 pareret,

368 3672 485 3734 rempub.
498 3675 623 3735 meritr,s
637 3679 733 3741 populo
742 3679 894 3742 eligeretur,
934 3674 981 3722 nisi
993 3675 1080 3723 decem
1096 3676 1226 3737 stipendia
1237 3674 1403 3723 coniectaret.

367 3750 404 3803 ⁸1»
415 3747 526 3807 e0tuitir
536 3749 593 3812 ejus
603 3750 746 3811 fraudibus,
758 3754 807 3819 ipsi
820 3756 895 3805 reris·
966 3758 977 3785 ⁸
993 3752 1139 3800 Prasmon
1149 3764 1201 3801 eran
1209 3750 1328 3815 profiteri]
1347 3748 1464 3799 Volebat

369 3825 448 3869 ¹0¹0!-
934 3826 1023 3874 Rullus
1035 3834 1064 3874 ut
1081 3828 1124 3889 qui
1141 3828 1208 3877 lrunc
1225 3828 1401 3889 magistratum
1414 3838 1462 3888 pe·

399 3898 411 3925 ¹
438 3892 556 3948 Terreat
577 3900 651 3964 muri]
678 3904 817 3967 Pompeias
839 3910 895 3955 toto
934 3906 1012 3955 teret,
1028 3914 1149 3963 'presens
1170 3912 1260 3963 essen
1285 3901 1353 3966 quod
1382 3902 1461 3951 Pom·

368 3967 433 4015 mari
445 3968 639 4025 blediterrnneo
648 3981 740 4027 contre
751 3980 859 4041 pirates,
867 3987 895 4030 et
935 3976 1007 4039 peius
1019 3976 1108 4027 faeere
1127 3992 1177 4028 nou
1195 3986 1309 4043 poteret,
1319 3978 1461 4042 longinquo

368 4044 438 4120 “tn
458 4044 484 4091 iu
501 4045 590 4097 Atrine
602 4060 693 4101 contre
705 4053 859 4116 Domitium,
869 4054 895 4102 ln
935 4052 1005 4103 bello
1017 4054 1165 4115 impeditus.
1198 4052 1356 4105 ‘Profitarl'
1373 4064 1464 4105 ntem

370 4109 499 4172 Hispania
517 4130 609 4171 eontra
625 4125 776 4183 Sertorium,
791 4126 817 4177 lu
835 4128 897 4177 Asia
936 4138 976 4176 est
988 4128 1012 4177 ia
1030 4130 1156 4179 cantione
1176 4130 1324 4194 significare
1338 4144 1410 4183 suen
1428 4130 1466 4179 de

370 4189 647 4311 mammam
660 4200 801 4263 luperator
812 4202 897 4254 deleo·
935 4204 1022 4329 :22⁰⁰
1033 4204 1184 4270 magistratu
1195 4207 1335 4259 obtinendo
1347 4206 1467 4257 robam·
