3234 4909
185 332 216 355 S

325 359 412 427 1204
669 373 709 421 u,
733 370 898 422 nunnius
922 370 1056 421 cresso

321 533 389 599 qua
409 514 569 597 scripturn
588 514 695 579 fuisse
710 514 817 592 aiunt,
833 513 877 577 ‘J
881 534 981 596 ugera
997 528 1053 592 uc,
1068 514 1236 596 inquibus
1251 515 1411 581 olivetum

319 616 389 681 fieri
404 624 537 699 potest:
555 617 673 700 jugeru
684 632 764 694 occ,
776 618 832 682 ubi
847 616 977 681 institui
989 617 1093 681 viuere
1106 614 1296 697 possunt'1·
1333 618 1412 681 Hoc

319 723 356 781 tu
372 737 462 783 emes
478 722 544 781 ista
559 719 791 782 innumerabili
806 718 959 801 pecunia,
976 718 1066 803 quod
1081 718 1167 782 arari
1180 722 1237 781 sut
1251 716 1321 782 coli
1335 738 1411 800 pos·

319 820 387 885 siti
433 818 531 896 Quod
553 819 663 883 seium
680 826 748 883 tam
763 821 854 885 exile
870 828 905 885 et
919 838 1064 885 macrum
1074 827 1098 867 ¹³
1116 824 1177 893 est,
1193 819 1286 902 quod
1300 826 1410 883 arutro

318 921 515 1003 perstringi¹
536 940 603 985 nou
627 921 762 1004 possiti
784 929 845 985 eut
866 921 957 1005 quod
979 927 1119 985 cattum
1139 938 1293 1003 asperum
1309 938 1410 985 suxe·

317 1027 400 1097 tum,
415 1023 452 1085 in
474 1041 542 1105 quo
564 1021 787 1104 agricolarum
806 1018 919 1087 cultus
933 1042 1000 1087 nou
1013 1021 1183 1087 elaboret?
1196 1024 1221 1069 ¹⁴
1262 1019 1409 1098 Idcirco,

316 1124 436 1207 inquit,
462 1142 559 1206 agros
582 1123 751 1188 nominare
772 1143 837 1188 nou
859 1143 1010 1206 possum,
1032 1122 1111 1205 quia
1132 1128 1263 1203 tangam
1282 1120 1410 1185 nultum

315 1225 362 1289 ab
384 1225 500 1290 invito.
546 1226 627 1290 Huc
648 1244 784 1309 quoque
804 1227 911 1291 multo
935 1236 988 1291 est
1003 1226 1239 1310 quaestuosius‚
1254 1242 1354 1305 quam
1378 1224 1408 1287 si

315 1327 360 1390 ab
372 1325 480 1392 invito
493 1334 648 1391 sumeret.
686 1327 858 1391 Inibitnr¹⁵
873 1328 958 1393 eninr
974 1328 1061 1392 ratio
1075 1332 1226 1409 quaestus
1241 1325 1284 1387 de
1300 1330 1409 1389 vestm

315 1430 477 1509 pecunia;
501 1436 535 1492 et
557 1434 625 1492 tum
647 1428 793 1510 denique
815 1449 894 1511 ager
915 1435 1050 1504 emetur,
1066 1447 1142 1494 cum
1162 1427 1252 1491 idam
1271 1427 1407 1511 expedi·

313 1528 376 1592 erit
385 1527 413 1567 ¹⁶
425 1529 544 1593 emtori
558 1535 593 1591 et
607 1527 778 1593 venditori.

358 1643 472 1692 xxvi.
493 1629 547 1694 68.
569 1628 638 1693 Sed
652 1628 762 1693 ridete
777 1629 844 1694 rim
859 1630 941 1712 legis
957 1631 1107 1713 agrariae·
1152 1628 1204 1695 Ns
1219 1629 1244 1693 ii
1257 1628 1406 1713 quidem,

313 1729 373 1811 qui
391 1739 525 1811 agroa¹⁷
547 1732 703 1815 publicos
724 1730 913 1813 possident,
932 1731 1092 1797 decedent
1112 1731 1154 1795 de
1175 1730 1406 1813 possessione,

311 1830 377 1893 nisi
398 1838 494 1896 erunt
515 1831 652 1896 deducti
665 1832 796 1914 optima
814 1831 1005 1897 conditione
1019 1837 1052 1896 et
1065 1832 1207 1915 pecunia
1221 1829 1406 1895 maxima.¹⁸

313 1930 485 1997 Conversa
506 1933 603 1997 ratio.
646 1931 767 2007 Antea,
782 1952 860 1995 cum
882 1940 954 1997 erat
971 1934 1137 1998 atribunu
1152 1932 1259 2015 plebis
1278 1931 1404 1995 mentio

309 2030 395 2114 legis
416 2034 554 2115 agrariae
576 2034 680 2110 iacta,
701 2032 858 2095 continuo
879 2034 938 2115 qui
960 2050 1057 2119 egros
1077 2032 1246 2115 publicos,
1266 2037 1325 2095 aut
1345 2032 1405 2113 qui

309 2132 1289 2216 possessioues¹⁹invidioeestenebant‚pertimescebant.²⁰
1313 2130 1403 2197 Haec

308 2234 366 2298 lex
380 2253 439 2299 eos
450 2235 600 2298 homiues
614 2232 756 2298 fortunia
768 2234 978 2316 locupletet,¹
995 2234 1120 2299 invidia
1130 2234 1257 2299 liberat.
1291 2231 1403 2312 Quam

308 2334 432 2400 multos
442 2335 540 2410 euim,
553 2334 711 2414 Quirites,
723 2333 924 2399 existimatis
936 2355 1022 2411 esse,
1033 2337 1090 2420 qui
1104 2334 1312 2401 latitudinem
1323 2352 1403 2418 pos·

309 2438 493 2500 sessionum
517 2436 612 2512 tueri,
626 2437 685 2519 qui
707 2434 869 2499 invidiam
891 2436 1125 2501 Sullanorum⁰
1147 2456 1295 2519 agrorum
1318 2436 1402 2499 serre

240 2526 248 2541 “
306 2554 372 2599 nou
387 2536 539 2619 possinti
563 2536 622 2618 qui
635 2535 778 2599 vendere
793 2536 942 2617 cupiunt,
957 2544 1119 2601 emtorem
1133 2556 1198 2599 nou
1214 2536 1400 2617 reperienti

305 2636 447 2719 perdere
456 2636 530 2719 iam
545 2636 686 2719 denique
697 2634 775 2700 illos
789 2654 888 2717 egros
904 2637 1033 2701 ratione
1045 2636 1159 2719 aliqua
1169 2636 1297 2701 velinti
1329 2634 1401 2721 Qui

338 2774 346 2808 ¹
366 2777 487 2827 meere.

763 2870 941 2893 cuneumve

305 2956 429 3016 Turnebi,
440 2956 503 3007 Mar·
514 2956 612 3006 Perias.
624 2970 680 3003 curn
701 2954 764 3005 Laii.
776 2956 838 3006 Ern.
850 2956 932 3006 Beck.
943 2956 1056 3011 Weiske.
1070 2956 1174 3006 Schnrr.
1187 2962 1213 3004 et
1226 2954 1309 3005 Orati.
1320 2956 1398 3004 Neru-

304 3022 387 3071 runa.
418 3022 506 3072 Ceteri
529 3020 672 3071 Veretum.
705 3019 768 3067 Vid.
787 3022 1235 3085 Nort.varr.-repponnr.-1a
1253 3019 1327 3069 Idem
1346 3020 1398 3069 Μι.

304 3079 418 3134 ediec&
436 3100 550 3134 muman.
584 3086 646 3133 Mox
661 3085 683 3133 O
698 3084 819 3147 perfringi
835 3100 881 3133 aon
897 3086 1045 3147 poerit—lt
1064 3084 1300 3133 enuntiaretur.
1335 3083 1397 3131 Mox

304 3150 331 3197 tu
341 3166 362 3210 χ
373 3150 446 3197 derat
457 3151 606 3214 {epm-ru
624 3148 717 3197 inutur
728 3149 784 3196 Pat.
797 3153 821 3196 l.
834 3150 927 3197 Franc.
940 3158 967 3198 at
979 3150 1042 3197 Μιι.
1057 3150 1151 3197 Parias.
1160 3148 1227 3196 Ven.
1241 3150 1312 3197 1⁴88.
1322 3146 1397 3197 Juut.

304 3212 475 3262 Crat-Grau.
507 3213 631 3261 initietur
641 3210 697 3261 Eri.
714 3212 784 3261 Prin.
799 3221 824 3260 et
845 3214 938 3262 Pata
966 3212 1135 3267 latiteturc,
1150 3212 1195 3262 sed
1212 3212 1237 3260 iu
1253 3226 1332 3273 marg.
1346 3211 1397 3259 ‘st

302 3275 407 3324 tatem!
440 3276 458 3323 8
476 3276 604 3325 Intietur:
620 3293 640 3337 χ
656 3276 787 3324 initietur:
803 3276 844 3326 ed.
856 3278 927 3327 Vlct.
938 3278 1060 3326 latretur:
1075 3276 1165 3327 Lauro.
1177 3280 1250 3327 iudo.
1266 3276 1396 3339 ecaujec-

303 3346 360 3389 tura
374 3340 583 3389 ramesia-ru
600 3339 657 3389 CH
670 3340 687 3387 S
699 3341 717 3400 d
728 3341 858 3402 expediret.

335 3404 404 3453 car.
416 3416 497 3452 xxvi.
530 3406 561 3452 lr
578 3402 659 3465 Agrea
669 3412 730 3451 aute
745 3402 851 3467 publicos
862 3406 888 3453 in
906 3402 967 3454 edd.
976 3404 1103 3467 Verbnrg.
1115 3404 1184 3455 orn.
1198 3405 1262 3454 Lati.
1277 3403 1396 3453 deest.-

302 3470 334 3517 la
352 3468 429 3531 ‘Opt
446 3468 515 3517 wud-
531 3472 555 3516 et
571 3481 623 3530 pec.
639 3468 719 3533 arae]
738 3469 847 3518 Notavit
864 3468 981 3519 Pithone
1000 3470 1026 3519 iu
1042 3470 1092 3519 ima
1104 3484 1162 3534 pag.
1175 3468 1226 3519 duo
1237 3476 1282 3518 rut
1293 3471 1341 3518 triu
1353 3483 1396 3518 vo·

302 3532 376 3582 mbb.
387 3545 462 3581 erasa
473 3546 539 3588 erae,
558 3532 691 3597 riderique
705 3532 802 3596 atiqnid
821 3533 921 3584 deeras.
953 3534 987 3584 Et
1001 3548 1062 3584 rane
1079 3534 1184 3598 abrupti
1200 3533 1296 3598 atiqnid
1314 3533 1394 3583 tabet

300 3596 402 3647 oratio!
419 3598 494 3647 Orett.
526 3596 650 3659 Iumarp.
666 3597 708 3647 ed.
721 3598 857 3663 Varbnrgii
876 3600 983 3663 iegitur,
999 3600 1126 3651 ‘Videtur
1142 3600 1239 3664 aliquid
1251 3596 1393 3648 deesse!-

301 3666 333 3712 lt)
350 3664 408 3714 cat
419 3663 460 3726 qui
469 3666 598 3727 pom-2⁰
614 3662 664 3713 08
675 3678 695 3725 χ
705 3664 732 3727 ψ,
743 3664 811 3713 Vera.
823 3667 895 3716 tito.
906 3667 979 3715 usu.
989 3664 1063 3715 Just.
1072 3664 1351 3729 &pertimescebant-1
1370 3662 1392 3711 C

791 3818 899 3869 NOTAE

300 3913 372 3964 Nihil
384 3914 459 3964 rideo
476 3914 509 3964 de
526 3914 573 3963 hac
591 3913 680 3964 tabuit
697 3919 825 3963 constare.
896 3912 1081 3976 θεῶνται]
1109 3912 1180 3963 Sutia
1201 3912 1294 3962 ruuitor
1315 3926 1390 3974 agros

298 3990 372 4038 Boius
388 3990 506 4054 Frigeiur
521 3990 629 4054 conjicit
638 3990 772 4040 veratium
783 3991 825 4039 ret
865 3990 974 4040 inimicia
985 3989 1129 4053 uderuir,et
1145 3988 1251 4051 largitus
1267 3994 1308 4036 aet
1325 3988 1392 4037 mili·

297 4078 444 4128 preconem
466 4064 556 4121 futare,
577 4066 623 4129 qui
650 4064 753 4129 publice
776 4065 824 4114 rub
863 4066 934 4115 tibus
950 4066 1012 4129 auia,
1023 4071 1068 4116 aut
1085 4064 1245 4129 prercnpen,
1261 4070 1289 4112 et
1301 4065 1388 4114 rendi·

297 4140 373 4191 tur·
384 4140 529 4201 vendebam
546 4149 592 4190 ant
608 4142 691 4191 civero
704 4141 824 4207 aliquem,
863 4142 913 4192 dit.

297 4216 372 4281 cuine
383 4216 452 4267 bona
462 4216 647 4267 venabantur.
