3234 4909
309 375 395 441 1476
655 390 694 437 ru.
717 384 884 436 ruimus
908 386 1045 434 orcnrro

308 538 395 597 stare
414 550 478 595 non
497 535 676 613 poterant:
696 530 788 611 largo
808 535 842 595 et
855 530 983 594 liberali
999 526 1141 595 viatioo‘
1158 530 1406 595 commoveret!

307 634 360 697 15.
384 633 443 697 Sic
460 631 665 707 adolescens,
678 632 799 714 ingenii
816 632 945 714 plenos,
957 632 1144 715 locupletes¹
1158 639 1260 708 metu,
1272 638 1402 695 tenoes⁵

308 734 458 816 praemio,
475 733 618 797 stultos⁴
639 740 769 796 errore⁸
789 734 972 815 permovit:
999 734 1049 797 sic
1063 740 1141 798 sunt
1160 750 1323 816 expressa
1336 732 1403 794 ista

307 834 481 917 praeclara,
496 852 575 917 quae
589 834 780 909 recitantur,
790 831 1047 917 psephismata*
1068 853 1134 897 non
1148 834 1333 907 sententiis,
1348 850 1402 895 ne·

308 956 373 1017 quo
395 935 651 1001 auctoritatibus
675 932 856 1010 declarata,
875 953 937 999 nec
957 933 1177 1017 jurejurando
1195 932 1407 1004 considera!

307 1038 365 1100 sed
380 1035 575 1119 porrigenda
585 1031 706 1113 manu,i
721 1033 1016 1117 profundendoque
1027 1036 1171 1100 clamore
1182 1034 1403 1101 mollitudinis

307 1138 496 1203 concitata.

351 1254 418 1301 vit.
442 1236 633 1301 onorem·
650 1235 858 1318 praeclarnm,
874 1235 1163 1319 disciplinamque,
1179 1254 1280 1319 quarn
1296 1252 1401 1298 ama·

302 1336 434 1420 juribus
457 1337 663 1419 accepimus,
686 1337 716 1399 si
739 1336 871 1418 quidem
893 1337 1097 1401 teneremus!
1120 1336 1178 1399 sed
1201 1336 1400 1416 nescioquo

307 1445 411 1521 pacto
422 1439 494 1521 jam
510 1438 551 1501 de
567 1437 719 1500 manibus
734 1436 899 1502 elabitur.¹
947 1436 1084 1501 Nullam
1098 1436 1207 1500 enim²
1227 1435 1279 1500 illi
1293 1434 1402 1498 nostri

307 1538 547 1622 sapientissimi
566 1542 601 1601 et
618 1538 822 1602 sanctissimi
837 1538 899 1601 viri
915 1540 981 1602 vim
991 1551 1006 1577 ·
1028 1537 1200 1601 'concionis
1213 1554 1291 1600 esse
1306 1535 1399 1599 toln·

306 1648 411 1703 erunt.
458 1638 545 1717 Quae
561 1638 721 1704 scisceret
744 1637 888 1722 plebes,b
911 1644 970 1703 aut
986 1658 1064 1721 quae
1087 1638 1235 1721 populus
1249 1636 1401 1719 jnberetr

306 1741 464 1804 submota
487 1741 659 1814 concione,
676 1739 864 1805 distributis
888 1741 1066 1823 portibus,e
1085 1739 1234 1804 tributim
1263 1744 1302 1801 et
1324 1755 1400 1801 oen·

338 1903 351 1939 ¹¹
368 1904 492 1955 incitaret
601 1914 610 1937 ⁸
627 1904 758 1967 Simplirrr.
883 1904 900 1945 s
914 1905 1035 1967 Obligatn
1165 1914 1178 1937 ⁰
1197 1906 1289 1955 Valere.

766 2066 944 2091 ”cuonone

304 2185 470 2235 nolebant-⁵
488 2184 552 2235 Cod.
565 2183 654 2233 tamt.
665 2186 785 2247 locupletis
795 2200 827 2233 ιι.
839 2181 931 2243 tmair's
947 2185 968 2235 C
980 2184 1056 2234 lrabet
1068 2191 1158 2235 terror.
1188 2186 1262 2248 Mox,
1273 2202 1325 2250 qrrae
1340 2190 1400 2237 reci·

305 2254 389 2298 tantur
400 2250 491 2299 derunt
504 2251 530 2298 in
542 2250 563 2298 C
575 2250 601 2298 H
613 2250 630 2299 S
642 2266 670 2312 χ.
702 2251 834 2313 Denique.
844 2250 946 2299 ettam
957 2249 1033 2300 deeat
1044 2251 1070 2299 in
1080 2267 1108 2312 χ.

339 2314 408 2363 car.
418 2326 470 2363 rrr.
504 2318 515 2362 i
534 2314 632 2375 Codx
646 2314 800 2363 daturin-2
819 2314 883 2362 voc.
896 2314 959 2363 rain
975 2316 1049 2364 deeat
1061 2314 1119 2363 cod.
1131 2314 1222 2363 Franc.
1236 2312 1295 2363 edd.
1306 2314 1400 2364 Faiirn.

305 2376 458 2428 Minutas.
470 2380 540 2427 litt).
552 2386 578 2427 et
590 2377 679 2427 Gran.
711 2379 809 2440 Verba,
818 2378 963 2427 metonae.
971 2394 995 2427 n.
1006 2395 1029 2442 q.
1035 2393 1055 2427 a.
1064 2394 1089 2443 p.
1100 2393 1155 2442 aq.
1163 2378 1296 2441 stateres,
1306 2379 1400 2430 derunt

801 2526 907 2579 Nom

304 2649 360 2699 ana,
369 2644 395 2686 et
407 2638 494 2687 venire
511 2640 537 2689 in
554 2638 642 2688 orbern
660 2639 791 2703 nolebant,
802 2646 832 2689 ot
903 2640 911 2674 ¹
927 2640 1077 2703 Porrignrrla
1087 2641 1170 2705 ranna]
1181 2642 1214 2691 ln
1225 2642 1360 2705 concione,
1372 2642 1399 2693 id

305 2718 395 2761 contra
418 2713 537 2763 Flaccum
564 2714 737 2763 testimoninm
760 2714 830 2764 dice·
872 2723 922 2779 eat,
940 2724 1030 2767 coacto
1047 2718 1222 2778 muttitndins,
1237 2732 1295 2782 qna
1312 2718 1399 2777 tarnu-

305 2796 374 2837 rant.
420 2798 427 2813 ·
871 2789 1073 2854 vindicabatur,
1091 2792 1234 2841 sireetlam
1252 2792 1278 2840 in
1296 2794 1399 2857 castria,

336 2871 347 2898 ⁸
365 2863 414 2919 Qnr'
424 2862 486 2911 drmr'
500 2866 563 2912 rtnrr
579 2878 625 2912 rron
640 2864 761 2928 poterant]
780 2864 831 2912 Pe·
872 2865 987 2916 collectis
997 2865 1131 2923 militibnr,
1144 2866 1213 2929 apud
1222 2867 1329 2917 Grecos
1339 2882 1399 2917 ran-

304 2941 379 2988 cnnlr
400 2939 529 2989 alliciebat
546 2938 579 2987 ad
599 2938 749 2988 veniendum
767 2954 829 3004 quo·
872 2944 961 2992 tentia
980 2943 1087 2992 sublatis
1103 2944 1219 2993 manibus
1233 2946 1400 2995 etacelanrn·

304 3026 360 3061 rnrn
378 3022 460 3061 statur
477 3013 545 3062 donri
563 3024 620 3063 erat
640 3014 733 3063 dubins
748 3022 775 3064 et
791 3016 829 3063 in·
873 3017 1161 3069 tionedeclarabantnr.

302 3098 398 3148 cartnr,
417 3096 462 3138 ant
485 3098 591 3151 propter
614 3099 767 3153 egestatem,
785 3097 830 3141 aut
904 3102 917 3129 ⁸
935 3097 958 3143 0
970 3095 1068 3159 mear]
1093 3096 1243 3147 Graecorum
1260 3108 1400 3149 conrnmn-

304 3170 464 3213 contractum
477 3165 642 3213 atetlanum.
873 3170 925 3219 dini
946 3170 1088 3221 Romanam
1116 3174 1235 3235 opponit,
1255 3188 1331 3237 qnam
1360 3176 1399 3225 lta

335 3236 468 3302 frutico]
494 3237 592 3288 Probat
612 3238 650 3287 hit
673 3239 757 3288 verblt
777 3254 829 3289 non
871 3246 971 3303 laudat,
992 3254 1022 3297 ut
1044 3247 1122 3298 etiarn
1147 3257 1322 3313 conqueratur
1341 3251 1400 3313 jain

304 3311 445 3361 audiendos
456 3325 513 3361 erra
528 3320 609 3362 tester
625 3315 761 3376 ejusmodi,
771 3330 830 3365 corn
870 3323 937 3371 erunt
949 3336 964 3371 ο
974 3322 1066 3385 repub.
1077 3323 1137 3386 quis
1149 3324 1189 3371 rel
1198 3324 1347 3389 negligitur,
1357 3326 1399 3374 rel

304 3396 396 3453 aparte
407 3389 465 3451 lege
476 3386 545 3438 dulia
559 3396 662 3439 cautum
679 3390 721 3447 sir,
735 3404 766 3439 ne
779 3399 830 3440 tet·
871 3412 921 3447 non
933 3398 1155 3447 animadvertitur.

304 3471 344 3512 ter
361 3462 396 3511 illi
410 3472 580 3527 assumantur,
591 3466 634 3528 qni
646 3466 680 3514 ob
692 3466 828 3515 dicendum
902 3471 913 3506 ὓ
931 3472 991 3527 eroe
1002 3473 1110 3521 aberrat
1123 3470 1213 3537 plebrr]
1231 3472 1311 3522 Plebs
1323 3488 1338 3522 a
1351 3486 1398 3537 pa·

303 3537 477 3586 testimoninm
490 3539 624 3599 pecuniam
637 3542 795 3604 acceperint.
870 3547 950 3597 triciir
972 3556 1092 3611 reparata
1118 3548 1179 3612 tuit,
1205 3549 1314 3613 populor
1335 3564 1399 3599 vero

338 3622 351 3657 r
368 3612 467 3676 Errare]
483 3614 585 3664 Detuait
602 3616 718 3666 incantos
732 3631 828 3667 tarmo-
869 3623 971 3686 plebem
983 3632 1010 3672 et
1022 3624 1143 3688 patricios
1155 3624 1279 3675 continet.
1306 3625 1399 3675 ‘Scia-

302 3688 378 3739 ntbur
390 3704 453 3753 quoa
465 3692 561 3753 sparsit
572 3690 605 3739 de
617 3693 752 3756 Pompeio·
869 3698 946 3749 cere·
964 3706 1050 3750 autent
1069 3702 1216 3765 pertinebat
1233 3701 1266 3749 ad
1284 3700 1399 3765 plebem,

335 3764 347 3798 ¹²
372 3766 549 3829 Prepbinrrrrtn]
567 3767 749 3830 Psophisnratr
768 3776 830 3819 runt
868 3774 936 3823 unde
963 3776 1115 3838 plebiscitar
1144 3776 1278 3841 ‘jubare’
1309 3787 1397 3827 antem

303 3841 451 3889 testimonia
466 3855 511 3891 seu
528 3841 643 3902 decreta,
655 3857 711 3908 qure
731 3846 830 3907 rcriptn
869 3846 901 3897 ad
916 3852 1047 3913 populoru,
1058 3850 1126 3900 nude
1139 3852 1211 3914 jnraa
1225 3853 1312 3916 popnli
1324 3852 1398 3903 dieta

304 3916 336 3965 ad
346 3916 526 3979 lrocjndicium
536 3919 693 3969 allatarnnt.
708 3921 829 3971 Voxbaee
868 3931 944 3972 aunt:
968 3926 1111 3974 ‘rcircera'
1128 3940 1206 3989 porro
1226 3932 1255 3976 et
1269 3928 1277 3955 ‘
1285 3927 1398 3991 jubere'

304 3991 399 4041 Gracc
421 3998 471 4049 ert,
498 3991 615 4054 ψήφισμα,
635 3996 762 4056 decretum,
782 4008 829 4043 ren
869 3998 930 4047 nibil
942 3999 1011 4049 uliud
1023 4008 1065 4049 est
1076 4015 1150 4063 quarn
1169 4001 1281 4064 probare
1299 4002 1398 4067 aliquid

301 4068 430 4115 tentantia
447 4070 568 4117 conclusa
585 4072 673 4134 populi
694 4068 830 4137 rrrtl'raglia.
869 4088 914 4124 ann
925 4072 1058 4139 suffragio,
1069 4084 1112 4125 aot
1127 4076 1283 4138 improbare.

303 4140 423 4189 Graecam
444 4156 505 4190 vero
528 4158 617 4195 vocant
635 4149 751 4205 retinnit,
770 4149 830 4213 qnia
901 4150 1074 4201 eDistrilrrrtia
1087 4151 1207 4216 partitas]
1231 4151 1263 4201 Id
1283 4160 1333 4213 ert,
1350 4166 1399 4214 po·

302 4214 335 4265 de
347 4230 375 4265 re
386 4214 483 4267 Grata
494 4219 588 4281 agitur.
869 4227 946 4289 pnlnr
957 4227 983 4275 in
994 4228 1077 4277 tribur
1088 4234 1116 4277 et
1127 4228 1213 4279 cnriaa
1230 4226 1398 4278 dividebatur
