<?xml version="1.0" encoding="UTF-8"?>
<!DOCTYPE html PUBLIC "-//W3C//DTD XHTML 1.0 Transitional//EN"
    "http://www.w3.org/TR/xhtml1/DTD/xhtml1-transitional.dtd">
<html xmlns="http://www.w3.org/1999/xhtml" xml:lang="en" lang="en">
 <head>
  <title>
</title>
<meta http-equiv="Content-Type" content="text/html;charset=utf-8" />
  <meta name='ocr-system' content='tesseract 3.04.00' />
  <meta name='ocr-capabilities' content='ocr_page ocr_carea ocr_par ocr_line ocrx_word'/>
</head>
<body>
  <div class='ocr_page' id='page_1' title='image "./mtulliiciceroni01ernegoog_0517.png"; bbox 0 0 3234 4909; ppageno 0'>
   <div class='ocr_carea' id='block_1_1' title="bbox 545 415 1294 488">
    <p class='ocr_par' dir='ltr' id='par_1_1' title="bbox 545 415 1294 488">
     <span class='ocr_line' id='line_1_1' title="bbox 545 415 1294 488; baseline 0.007 -14"><span class='ocrx_word' id='word_1_1' title='bbox 545 426 617 477; x_wconf 78' lang='lat' dir='ltr'>ruo</span> <span class='ocrx_word' id='word_1_2' title='bbox 642 426 796 488; x_wconf 77' lang='lat' dir='ltr'>sorece,</span> <span class='ocrx_word' id='word_1_3' title='bbox 821 428 905 480; x_wconf 81' lang='lat' dir='ltr'>err.</span> <span class='ocrx_word' id='word_1_4' title='bbox 928 415 983 480; x_wconf 71' lang='lat'>2⁰.</span> <span class='ocrx_word' id='word_1_5' title='bbox 1208 415 1294 487; x_wconf 69' lang='lat' dir='ltr'>lette</span> 
     </span>
    </p>
   </div>
   <div class='ocr_carea' id='block_1_2' title="bbox 201 568 1301 2465">
    <p class='ocr_par' dir='ltr' id='par_1_2' title="bbox 201 568 1301 2465">
     <span class='ocr_line' id='line_1_2' title="bbox 201 568 1293 657; baseline 0.003 -22"><span class='ocrx_word' id='word_1_6' title='bbox 201 569 394 647; x_wconf 59' lang='lat' dir='ltr'>litersrnm‘fi</span> <span class='ocrx_word' id='word_1_7' title='bbox 426 570 481 638; x_wconf 75' lang='grc'>47.</span> <span class='ocrx_word' id='word_1_8' title='bbox 505 568 678 636; x_wconf 85' lang='lat' dir='ltr'>Neminem</span> <span class='ocrx_word' id='word_1_9' title='bbox 694 569 833 653; x_wconf 89' lang='lat' dir='ltr'>quidem</span> <span class='ocrx_word' id='word_1_10' title='bbox 856 570 944 636; x_wconf 84' lang='lat' dir='ltr'>adeo</span> <span class='ocrx_word' id='word_1_11' title='bbox 968 570 1151 639; x_wconf 73' lang='lat' dir='ltr'>mutuare·</span> <span class='ocrx_word' id='word_1_12' title='bbox 1173 576 1293 657; x_wconf 80' lang='lat' dir='ltr'>potuit.</span> 
     </span>
     <span class='ocr_line' id='line_1_3' title="bbox 201 666 1293 753; baseline 0.002 -14"><span class='ocrx_word' id='word_1_13' title='bbox 201 680 241 739; x_wconf 89' lang='lat' dir='ltr'>ut</span> <span class='ocrx_word' id='word_1_14' title='bbox 260 674 293 737; x_wconf 90' lang='lat' dir='ltr'>ei</span> <span class='ocrx_word' id='word_1_15' title='bbox 312 688 479 737; x_wconf 85' lang='lat' dir='ltr'>nummum</span> <span class='ocrx_word' id='word_1_16' title='bbox 500 670 605 738; x_wconf 87' lang='lat' dir='ltr'>ullum</span> <span class='ocrx_word' id='word_1_17' title='bbox 626 666 797 735; x_wconf 84' lang='lat' dir='ltr'>crederet.¹</span> <span class='ocrx_word' id='word_1_18' title='bbox 841 669 976 753; x_wconf 85' lang='lat' dir='ltr'>Itaque,</span> <span class='ocrx_word' id='word_1_19' title='bbox 989 690 1067 737; x_wconf 89' lang='lat' dir='ltr'>curu</span> <span class='ocrx_word' id='word_1_20' title='bbox 1080 671 1193 739; x_wconf 84' lang='lat' dir='ltr'>Roma</span> <span class='ocrx_word' id='word_1_21' title='bbox 1205 676 1293 741; x_wconf 88' lang='lat' dir='ltr'>olam</span> 
     </span>
     <span class='ocr_line' id='line_1_4' title="bbox 202 771 1295 855; baseline 0.002 -16"><span class='ocrx_word' id='word_1_22' title='bbox 202 780 293 839; x_wconf 79' lang='lat' dir='ltr'>estet</span> <span class='ocrx_word' id='word_1_23' title='bbox 313 772 497 855; x_wconf 83' lang='lat' dir='ltr'>protentus,</span> <span class='ocrx_word' id='word_1_24' title='bbox 522 772 712 855; x_wconf 88' lang='lat' dir='ltr'>multosque</span> <span class='ocrx_word' id='word_1_25' title='bbox 734 772 874 836; x_wconf 89' lang='lat' dir='ltr'>minutis</span> <span class='ocrx_word' id='word_1_26' title='bbox 896 771 1182 843; x_wconf 86' lang='lat' dir='ltr'>mutuationibus⁷</span> <span class='ocrx_word' id='word_1_27' title='bbox 1203 774 1295 841; x_wconf 81' lang='lat' dir='ltr'>iruu·</span> 
     </span>
     <span class='ocr_line' id='line_1_5' title="bbox 203 872 1293 957; baseline 0 -16"><span class='ocrx_word' id='word_1_28' title='bbox 203 874 361 949; x_wconf 86' lang='lat' dir='ltr'>deriseet,</span> <span class='ocrx_word' id='word_1_29' title='bbox 377 873 412 937; x_wconf 91' lang='lat' dir='ltr'>in</span> <span class='ocrx_word' id='word_1_30' title='bbox 435 872 550 937; x_wconf 75' lang='lat' dir='ltr'>Asiam</span> <span class='ocrx_word' id='word_1_31' title='bbox 568 872 668 949; x_wconf 85' lang='lat' dir='ltr'>venit,</span> <span class='ocrx_word' id='word_1_32' title='bbox 683 872 938 956; x_wconf 79' lang='lat' dir='ltr'>Hermippoque</span> <span class='ocrx_word' id='word_1_33' title='bbox 958 874 1164 957; x_wconf 75' lang='lat' dir='ltr'><strong>percontanti</strong></span> <span class='ocrx_word' id='word_1_34' title='bbox 1179 876 1221 940; x_wconf 91' lang='lat' dir='ltr'>de</span> <span class='ocrx_word' id='word_1_35' title='bbox 1236 895 1293 941; x_wconf 92' lang='lat' dir='ltr'>no·</span> 
     </span>
     <span class='ocr_line' id='line_1_6' title="bbox 202 972 1294 1059; baseline 0 -17"><span class='ocrx_word' id='word_1_36' title='bbox 202 974 293 1042; x_wconf 78' lang='lat' dir='ltr'>mine</span> <span class='ocrx_word' id='word_1_37' title='bbox 313 973 478 1048; x_wconf 77' lang='lat' dir='ltr'>Fufiano,‘</span> <span class='ocrx_word' id='word_1_38' title='bbox 498 972 686 1057; x_wconf 78' lang='lat' dir='ltr'><strong>respondet,</strong></span> <span class='ocrx_word' id='word_1_39' title='bbox 701 994 739 1039; x_wconf 85' lang='lat' dir='ltr'>se</span> <span class='ocrx_word' id='word_1_40' title='bbox 752 993 886 1039; x_wconf 85' lang='lat' dir='ltr'>omnem</span> <span class='ocrx_word' id='word_1_41' title='bbox 901 977 1076 1059; x_wconf 78' lang='lat' dir='ltr'>peenmem</span> <span class='ocrx_word' id='word_1_42' title='bbox 1092 974 1199 1043; x_wconf 81' lang='lat' dir='ltr'>Fufiis</span> <span class='ocrx_word' id='word_1_43' title='bbox 1220 996 1294 1059; x_wconf 89' lang='lat' dir='ltr'>per·</span> 
     </span>
     <span class='ocr_line' id='line_1_7' title="bbox 203 1074 1295 1159; baseline -0.002 -14"><span class='ocrx_word' id='word_1_44' title='bbox 203 1076 358 1145; x_wconf 83' lang='lat' dir='ltr'>solvisse.</span> <span class='ocrx_word' id='word_1_45' title='bbox 401 1076 548 1152; x_wconf 77' lang='lat' dir='ltr'><strong>Interim,</strong></span> <span class='ocrx_word' id='word_1_46' title='bbox 567 1094 676 1159; x_wconf 90' lang='lat' dir='ltr'>neque</span> <span class='ocrx_word' id='word_1_47' title='bbox 698 1076 746 1141; x_wconf 87' lang='lat' dir='ltr'>ita</span> <span class='ocrx_word' id='word_1_48' title='bbox 767 1074 886 1156; x_wconf 79' lang='lat' dir='ltr'>longo·</span> <span class='ocrx_word' id='word_1_49' title='bbox 906 1074 1092 1153; x_wconf 85' lang='lat' dir='ltr'>intervallo,</span> <span class='ocrx_word' id='word_1_50' title='bbox 1112 1076 1252 1145; x_wconf 87' lang='lat' dir='ltr'>libertus</span> <span class='ocrx_word' id='word_1_51' title='bbox 1274 1098 1295 1143; x_wconf 87' lang='lat' dir='ltr'>s</span> 
     </span>
     <span class='ocr_line' id='line_1_8' title="bbox 202 1174 1297 1261; baseline 0 -20"><span class='ocrx_word' id='word_1_52' title='bbox 202 1176 309 1244; x_wconf 81' lang='lat' dir='ltr'>Fufiis</span> <span class='ocrx_word' id='word_1_53' title='bbox 332 1196 409 1244; x_wconf 86' lang='lat' dir='ltr'>euru</span> <span class='ocrx_word' id='word_1_54' title='bbox 431 1176 537 1241; x_wconf 89' lang='lat' dir='ltr'>literis</span> <span class='ocrx_word' id='word_1_55' title='bbox 560 1176 603 1241; x_wconf 87' lang='lat' dir='ltr'>ed</span> <span class='ocrx_word' id='word_1_56' title='bbox 626 1174 852 1261; x_wconf 81' lang='lat' dir='ltr'><strong>Hermippum</strong></span> <span class='ocrx_word' id='word_1_57' title='bbox 872 1174 982 1242; x_wconf 84' lang='lat' dir='ltr'>uenit:</span> <span class='ocrx_word' id='word_1_58' title='bbox 1010 1176 1153 1258; x_wconf 80' lang='lat' dir='ltr'>pecunie</span> <span class='ocrx_word' id='word_1_59' title='bbox 1174 1178 1297 1260; x_wconf 74' lang='lat' dir='ltr'>petitur</span> 
     </span>
     <span class='ocr_line' id='line_1_9' title="bbox 204 1274 1296 1361; baseline -0.001 -17"><span class='ocrx_word' id='word_1_60' title='bbox 204 1277 248 1344; x_wconf 74' lang='lat' dir='ltr'>ab</span> <span class='ocrx_word' id='word_1_61' title='bbox 263 1276 474 1361; x_wconf 83' lang='lat' dir='ltr'>Hermippo:</span> <span class='ocrx_word' id='word_1_62' title='bbox 497 1276 706 1358; x_wconf 79' lang='lat' dir='ltr'>Hermippus</span> <span class='ocrx_word' id='word_1_63' title='bbox 721 1276 765 1339; x_wconf 86' lang='lat' dir='ltr'>eb</span> <span class='ocrx_word' id='word_1_64' title='bbox 779 1274 964 1341; x_wconf 77' lang='lat' dir='ltr'>Heraclide</span> <span class='ocrx_word' id='word_1_65' title='bbox 977 1277 1080 1358; x_wconf 85' lang='lat' dir='ltr'>petit;</span> <span class='ocrx_word' id='word_1_66' title='bbox 1101 1276 1175 1359; x_wconf 85' lang='lat' dir='ltr'>ipse</span> <span class='ocrx_word' id='word_1_67' title='bbox 1187 1282 1296 1343; x_wconf 87' lang='lat' dir='ltr'>temen</span> 
     </span>
     <span class='ocr_line' id='line_1_10' title="bbox 206 1376 1296 1453; baseline -0.006 -4"><span class='ocrx_word' id='word_1_68' title='bbox 206 1376 313 1449; x_wconf 75' lang='lat' dir='ltr'>Fufiis</span> <span class='ocrx_word' id='word_1_69' title='bbox 336 1378 502 1447; x_wconf 78' lang='lat' dir='ltr'>satisfecit</span> <span class='ocrx_word' id='word_1_70' title='bbox 523 1378 729 1453; x_wconf 76' lang='lat' dir='ltr'>absentibus,</span> <span class='ocrx_word' id='word_1_71' title='bbox 743 1384 778 1440; x_wconf 91' lang='lat' dir='ltr'>et</span> <span class='ocrx_word' id='word_1_72' title='bbox 799 1376 899 1443; x_wconf 89' lang='lat' dir='ltr'>tidem</span> <span class='ocrx_word' id='word_1_73' title='bbox 917 1395 1012 1441; x_wconf 84' lang='lat' dir='ltr'>enam</span> <span class='ocrx_word' id='word_1_74' title='bbox 1026 1376 1188 1443; x_wconf 75' lang='lat' dir='ltr'>liberatr‘</span> <span class='ocrx_word' id='word_1_75' title='bbox 1206 1378 1296 1443; x_wconf 89' lang='lat' dir='ltr'>bnue</span> 
     </span>
     <span class='ocr_line' id='line_1_11' title="bbox 205 1476 1298 1561; baseline 0.002 -18"><span class='ocrx_word' id='word_1_76' title='bbox 205 1486 423 1547; x_wconf 75' lang='lat' dir='ltr'>estuantem·</span> <span class='ocrx_word' id='word_1_77' title='bbox 444 1488 482 1545; x_wconf 89' lang='lat' dir='ltr'>et</span> <span class='ocrx_word' id='word_1_78' title='bbox 504 1478 772 1560; x_wconf 74' lang='lat' dir='ltr'>tergiversantem</span> <span class='ocrx_word' id='word_1_79' title='bbox 792 1476 924 1559; x_wconf 81' lang='lat' dir='ltr'>judicio</span> <span class='ocrx_word' id='word_1_80' title='bbox 946 1476 1003 1541; x_wconf 92' lang='lat' dir='ltr'>ille</span> <span class='ocrx_word' id='word_1_81' title='bbox 1024 1479 1253 1561; x_wconf 76' lang='lat' dir='ltr'>persequitur:</span> <span class='ocrx_word' id='word_1_82' title='bbox 1275 1496 1298 1545; x_wconf 82' lang='lat' dir='ltr'>a</span> 
     </span>
     <span class='ocr_line' id='line_1_12' title="bbox 204 1578 1298 1665; baseline 0.001 -20"><span class='ocrx_word' id='word_1_83' title='bbox 204 1582 525 1665; x_wconf 72' lang='lat' dir='ltr'>recuperatoribusm</span> <span class='ocrx_word' id='word_1_84' title='bbox 554 1598 661 1645; x_wconf 85' lang='lat' dir='ltr'>cauea</span> <span class='ocrx_word' id='word_1_85' title='bbox 689 1579 913 1659; x_wconf 77' lang='lat' dir='ltr'>eognoeeitur.</span> <span class='ocrx_word' id='word_1_86' title='bbox 963 1578 1158 1645; x_wconf 70' lang='lat' dir='ltr'>seliobre</span> <span class='ocrx_word' id='word_1_87' title='bbox 1183 1580 1298 1646; x_wconf 79' lang='lat' dir='ltr'>existi·</span> 
     </span>
     <span class='ocr_line' id='line_1_13' title="bbox 205 1679 1299 1764; baseline 0 -18"><span class='ocrx_word' id='word_1_88' title='bbox 205 1698 306 1758; x_wconf 78' lang='lat' dir='ltr'>mure,</span> <span class='ocrx_word' id='word_1_89' title='bbox 316 1680 461 1764; x_wconf 88' lang='lat' dir='ltr'>judices,</span> <span class='ocrx_word' id='word_1_90' title='bbox 475 1700 542 1753; x_wconf 81' lang='lat' dir='ltr'>uon</span> <span class='ocrx_word' id='word_1_91' title='bbox 564 1700 664 1747; x_wconf 84' lang='lat' dir='ltr'>unam</span> <span class='ocrx_word' id='word_1_92' title='bbox 685 1686 718 1745; x_wconf 88' lang='lat' dir='ltr'>et</span> <span class='ocrx_word' id='word_1_93' title='bbox 736 1679 877 1747; x_wconf 86' lang='lat' dir='ltr'>eundem</span> <span class='ocrx_word' id='word_1_94' title='bbox 892 1682 1044 1748; x_wconf 87' lang='lat' dir='ltr'>omnibus</span> <span class='ocrx_word' id='word_1_95' title='bbox 1058 1680 1094 1744; x_wconf 89' lang='lat' dir='ltr'>iu</span> <span class='ocrx_word' id='word_1_96' title='bbox 1115 1680 1201 1745; x_wconf 82' lang='lat' dir='ltr'>loeis</span> <span class='ocrx_word' id='word_1_97' title='bbox 1221 1698 1299 1746; x_wconf 85' lang='lat' dir='ltr'>esee</span> 
     </span>
     <span class='ocr_line' id='line_1_14' title="bbox 207 1778 1296 1863; baseline 0.002 -18"><span class='ocrx_word' id='word_1_98' title='bbox 207 1778 430 1853; x_wconf 76' lang='lat' dir='ltr'>fraudatorum</span> <span class='ocrx_word' id='word_1_99' title='bbox 453 1790 487 1847; x_wconf 87' lang='lat' dir='ltr'>et</span> <span class='ocrx_word' id='word_1_100' title='bbox 509 1781 753 1849; x_wconf 73' lang='lat' dir='ltr'>inlirtietornmn</span> <span class='ocrx_word' id='word_1_101' title='bbox 778 1781 1040 1863; x_wconf 80' lang='lat' dir='ltr'>impudentium:</span> <span class='ocrx_word' id='word_1_102' title='bbox 1070 1780 1153 1845; x_wconf 81' lang='lat' dir='ltr'>lenit</span> <span class='ocrx_word' id='word_1_103' title='bbox 1179 1780 1296 1847; x_wconf 83' lang='lat' dir='ltr'>eedem</span> 
     </span>
     <span class='ocr_line' id='line_1_15' title="bbox 207 1880 1299 1965; baseline 0 -18"><span class='ocrx_word' id='word_1_104' title='bbox 207 1882 333 1959; x_wconf 84' lang='lat' dir='ltr'>omnin,</span> <span class='ocrx_word' id='word_1_105' title='bbox 351 1901 428 1965; x_wconf 81' lang='lat' dir='ltr'>qum</span> <span class='ocrx_word' id='word_1_106' title='bbox 450 1882 552 1951; x_wconf 85' lang='lat' dir='ltr'>nostri</span> <span class='ocrx_word' id='word_1_107' title='bbox 575 1882 742 1947; x_wconf 82' lang='lat' dir='ltr'>debitores</span> <span class='ocrx_word' id='word_1_108' title='bbox 764 1880 891 1946; x_wconf 84' lang='lat' dir='ltr'>solent:</span> <span class='ocrx_word' id='word_1_109' title='bbox 913 1880 1049 1963; x_wconf 76' lang='lat' dir='ltr'>negarit</span> <span class='ocrx_word' id='word_1_110' title='bbox 1065 1898 1141 1945; x_wconf 88' lang='lat' dir='ltr'>sese</span> <span class='ocrx_word' id='word_1_111' title='bbox 1163 1883 1299 1951; x_wconf 80' lang='lat' dir='ltr'>omnino</span> 
     </span>
     <span class='ocr_line' id='line_1_16' title="bbox 205 1980 1301 2059; baseline 0.003 -14"><span class='ocrx_word' id='word_1_112' title='bbox 205 2000 375 2055; x_wconf 80' lang='lat' dir='ltr'>versuram</span> <span class='ocrx_word' id='word_1_113' title='bbox 398 1980 527 2047; x_wconf 85' lang='lat' dir='ltr'>nllern⁰</span> <span class='ocrx_word' id='word_1_114' title='bbox 551 1981 671 2047; x_wconf 80' lang='lat' dir='ltr'>recisse</span> <span class='ocrx_word' id='word_1_115' title='bbox 697 1980 840 2046; x_wconf 76' lang='lat' dir='ltr'>Romae:</span> <span class='ocrx_word' id='word_1_116' title='bbox 871 1980 1040 2047; x_wconf 81' lang='lat' dir='ltr'>Fufiorum</span> <span class='ocrx_word' id='word_1_117' title='bbox 1064 2002 1102 2045; x_wconf 84' lang='lat' dir='ltr'>ee</span> <span class='ocrx_word' id='word_1_118' title='bbox 1127 1981 1301 2059; x_wconf 80' lang='lat' dir='ltr'>affirmarit</span> 
     </span>
     <span class='ocr_line' id='line_1_17' title="bbox 206 2081 1300 2165; baseline -0.004 -14"><span class='ocrx_word' id='word_1_119' title='bbox 206 2099 372 2163; x_wconf 80' lang='lat' dir='ltr'>uunquam</span> <span class='ocrx_word' id='word_1_120' title='bbox 388 2083 522 2157; x_wconf 83' lang='lat' dir='ltr'>omuino</span> <span class='ocrx_word' id='word_1_121' title='bbox 537 2102 656 2148; x_wconf 90' lang='lat' dir='ltr'>nornen</span> <span class='ocrx_word' id='word_1_122' title='bbox 669 2082 825 2148; x_wconf 85' lang='lat' dir='ltr'>audisse:</span> <span class='ocrx_word' id='word_1_123' title='bbox 848 2081 1074 2165; x_wconf 85' lang='lat' dir='ltr'>Hermippum</span> <span class='ocrx_word' id='word_1_124' title='bbox 1087 2100 1164 2147; x_wconf 89' lang='lat' dir='ltr'>rero</span> <span class='ocrx_word' id='word_1_125' title='bbox 1176 2082 1300 2165; x_wconf 85' lang='lat' dir='ltr'>ipsum,</span> 
     </span>
     <span class='ocr_line' id='line_1_18' title="bbox 207 2178 1300 2266; baseline 0.003 -21"><span class='ocrx_word' id='word_1_126' title='bbox 207 2178 487 2261; x_wconf 88' lang='lat' dir='ltr'>pudentissimum</span> <span class='ocrx_word' id='word_1_127' title='bbox 513 2189 615 2266; x_wconf 86' lang='lat' dir='ltr'>atque</span> <span class='ocrx_word' id='word_1_128' title='bbox 645 2182 808 2265; x_wconf 88' lang='lat' dir='ltr'>optimum</span> <span class='ocrx_word' id='word_1_129' title='bbox 835 2183 955 2261; x_wconf 84' lang='lat' dir='ltr'>virum,</span> <span class='ocrx_word' id='word_1_130' title='bbox 979 2188 1124 2245; x_wconf 81' lang='lat' dir='ltr'>veterem</span> <span class='ocrx_word' id='word_1_131' title='bbox 1155 2184 1300 2247; x_wconf 87' lang='lat' dir='ltr'>uminum</span> 
     </span>
     <span class='ocr_line' id='line_1_19' title="bbox 208 2280 1299 2366; baseline 0.001 -23"><span class='ocrx_word' id='word_1_132' title='bbox 208 2284 308 2362; x_wconf 87' lang='lat' dir='ltr'>atque</span> <span class='ocrx_word' id='word_1_133' title='bbox 332 2282 495 2363; x_wconf 85' lang='lat' dir='ltr'>hospitem</span> <span class='ocrx_word' id='word_1_134' title='bbox 523 2300 642 2357; x_wconf 88' lang='lat' dir='ltr'>meum,</span> <span class='ocrx_word' id='word_1_135' title='bbox 667 2280 972 2363; x_wconf 85' lang='lat' dir='ltr'>splendidissimum</span> <span class='ocrx_word' id='word_1_136' title='bbox 997 2288 1100 2366; x_wconf 86' lang='lat' dir='ltr'>utque</span> <span class='ocrx_word' id='word_1_137' title='bbox 1128 2282 1299 2349; x_wconf 87' lang='lat' dir='ltr'>ornatissi-</span> 
     </span>
     <span class='ocr_line' id='line_1_20' title="bbox 208 2380 1300 2465; baseline -0.003 -17"><span class='ocrx_word' id='word_1_138' title='bbox 208 2398 300 2448; x_wconf 80' lang='lat' dir='ltr'>tuum</span> <span class='ocrx_word' id='word_1_139' title='bbox 326 2380 474 2445; x_wconf 74' lang='lat' dir='ltr'>civitatis</span> <span class='ocrx_word' id='word_1_140' title='bbox 500 2398 582 2460; x_wconf 83' lang='lat' dir='ltr'>sune,</span> <span class='ocrx_word' id='word_1_141' title='bbox 605 2380 737 2464; x_wconf 82' lang='lat' dir='ltr'>probris</span> <span class='ocrx_word' id='word_1_142' title='bbox 763 2380 920 2447; x_wconf 85' lang='lat' dir='ltr'>omnibus</span> <span class='ocrx_word' id='word_1_143' title='bbox 943 2381 1198 2465; x_wconf 70' lang='lat' dir='ltr'>maledictisque</span> <span class='ocrx_word' id='word_1_144' title='bbox 1219 2399 1300 2447; x_wconf 83' lang='lat' dir='ltr'>rex·</span> 
     </span>
    </p>
   </div>
   <div class='ocr_carea' id='block_1_3' title="bbox 239 2582 934 2765">
    <p class='ocr_par' dir='ltr' id='par_1_3' title="bbox 239 2582 934 2765">
     <span class='ocr_line' id='line_1_21' title="bbox 239 2582 893 2649; baseline 0 -14"><span class='ocrx_word' id='word_1_145' title='bbox 239 2594 253 2619; x_wconf 77' lang='lat'><em>⁶</em></span> <span class='ocrx_word' id='word_1_146' title='bbox 272 2585 470 2645; x_wconf 78' lang='lat' dir='ltr'>Feeeresstsser.</span> <span class='ocrx_word' id='word_1_147' title='bbox 598 2583 610 2618; x_wconf 73' lang='lat'>⁵</span> <span class='ocrx_word' id='word_1_148' title='bbox 626 2584 751 2635; x_wconf 82' lang='lat' dir='ltr'>Dedetr&#39;te</span> <span class='ocrx_word' id='word_1_149' title='bbox 762 2582 893 2649; x_wconf 65' lang='grc' dir='ltr'>Μω-</span> 
     </span>
     <span class='ocr_line' id='line_1_22' title="bbox 241 2647 934 2765; baseline -0.004 -64"><span class='ocrx_word' id='word_1_150' title='bbox 241 2657 252 2746; x_wconf 70' lang='lat'>:</span> <span class='ocrx_word' id='word_1_151' title='bbox 270 2649 418 2765; x_wconf 39' lang='lat' dir='ltr'>geste-post.</span> <span class='ocrx_word' id='word_1_152' title='bbox 543 2647 934 2712; x_wconf 65' lang='lat' dir='ltr'>‘Pereotoiuqeedprosrtserst</span> 
     </span>
    </p>
   </div>
   <div class='ocr_carea' id='block_1_4' title="bbox 664 2800 848 2823">
    <p class='ocr_par' dir='ltr' id='par_1_4' title="bbox 664 2800 848 2823">
     <span class='ocr_line' id='line_1_23' title="bbox 664 2800 848 2823; baseline 0 0"><span class='ocrx_word' id='word_1_153' title='bbox 664 2800 848 2823; x_wconf 60' lang='lat' dir='ltr'>nmmum</span> 
     </span>
    </p>
   </div>
   <div class='ocr_carea' id='block_1_5' title="bbox 210 2898 1304 3287">
    <p class='ocr_par' dir='ltr' id='par_1_5' title="bbox 210 2898 1304 3287">
     <span class='ocr_line' id='line_1_24' title="bbox 210 2898 1303 2966; baseline 0.002 -15"><span class='ocrx_word' id='word_1_154' title='bbox 210 2916 245 2951; x_wconf 89' lang='lat' dir='ltr'>se.</span> <span class='ocrx_word' id='word_1_155' title='bbox 278 2900 362 2950; x_wconf 85' lang='lat' dir='ltr'>Penio</span> <span class='ocrx_word' id='word_1_156' title='bbox 379 2906 447 2966; x_wconf 85' lang='lat' dir='ltr'>post.</span> <span class='ocrx_word' id='word_1_157' title='bbox 463 2902 550 2953; x_wconf 71' lang='lat' dir='ltr'>elimet</span> <span class='ocrx_word' id='word_1_158' title='bbox 569 2901 645 2951; x_wconf 82' lang='lat' dir='ltr'>deest</span> <span class='ocrx_word' id='word_1_159' title='bbox 664 2900 690 2951; x_wconf 85' lang='lat' dir='ltr'>ie</span> <span class='ocrx_word' id='word_1_160' title='bbox 707 2904 785 2955; x_wconf 78' lang='lat' dir='ltr'>s.··e</span> <span class='ocrx_word' id='word_1_161' title='bbox 800 2898 1018 2964; x_wconf 81' lang='lat' dir='ltr'>Verbs‚stirrtttt</span> <span class='ocrx_word' id='word_1_162' title='bbox 1043 2904 1090 2952; x_wconf 86' lang='lat' dir='ltr'>.rl.</span> <span class='ocrx_word' id='word_1_163' title='bbox 1100 2904 1153 2955; x_wconf 70' lang='lat' dir='ltr'>ai.</span> <span class='ocrx_word' id='word_1_164' title='bbox 1164 2904 1201 2953; x_wconf 87' lang='lat' dir='ltr'>ttr.</span> <span class='ocrx_word' id='word_1_165' title='bbox 1211 2904 1303 2954; x_wconf 86' lang='lat' dir='ltr'>sbeerrt</span> 
     </span>
     <span class='ocr_line' id='line_1_25' title="bbox 211 2964 1304 3031; baseline 0.003 -17"><span class='ocrx_word' id='word_1_166' title='bbox 211 2979 229 3014; x_wconf 90' lang='lat' dir='ltr'>s</span> <span class='ocrx_word' id='word_1_167' title='bbox 245 2964 307 3014; x_wconf 85' lang='lat' dir='ltr'>Ver.</span> <span class='ocrx_word' id='word_1_168' title='bbox 330 2965 367 3013; x_wconf 90' lang='lat' dir='ltr'>rril</span> <span class='ocrx_word' id='word_1_169' title='bbox 382 2966 471 3027; x_wconf 84' lang='lat' dir='ltr'>perstet</span> <span class='ocrx_word' id='word_1_170' title='bbox 492 2966 569 3015; x_wconf 86' lang='lat' dir='ltr'>trebet</span> <span class='ocrx_word' id='word_1_171' title='bbox 584 2966 615 3015; x_wconf 78' lang='lat'>0.</span> <span class='ocrx_word' id='word_1_172' title='bbox 649 2964 784 3023; x_wconf 76' lang='lat' dir='ltr'>Actutum,</span> <span class='ocrx_word' id='word_1_173' title='bbox 802 2966 1007 3015; x_wconf 66' lang='lat' dir='ltr'>mentem</span> <span class='ocrx_word' id='word_1_174' title='bbox 1063 2966 1139 3016; x_wconf 77' lang='lat' dir='ltr'>urbe</span> <span class='ocrx_word' id='word_1_175' title='bbox 1154 2969 1304 3031; x_wconf 72' lang='lat' dir='ltr'>contestare</span> 
     </span>
     <span class='ocr_line' id='line_1_26' title="bbox 212 3027 1303 3092; baseline 0.005 -14"><span class='ocrx_word' id='word_1_176' title='bbox 212 3027 314 3078; x_wconf 68' lang='lat' dir='ltr'>Peirnl.</span> <span class='ocrx_word' id='word_1_177' title='bbox 339 3029 473 3088; x_wconf 71' lang='lat' dir='ltr'>tqfutsrsre</span> <span class='ocrx_word' id='word_1_178' title='bbox 492 3030 526 3079; x_wconf 84' lang='lat' dir='ltr'>C.</span> <span class='ocrx_word' id='word_1_179' title='bbox 549 3044 668 3079; x_wconf 60' lang='lat' dir='ltr'>unser</span> <span class='ocrx_word' id='word_1_180' title='bbox 689 3030 757 3079; x_wconf 83' lang='lat' dir='ltr'>itlsrs</span> <span class='ocrx_word' id='word_1_181' title='bbox 774 3031 879 3079; x_wconf 69' lang='lat' dir='ltr'>earnes</span> <span class='ocrx_word' id='word_1_182' title='bbox 899 3046 925 3082; x_wconf 80' lang='lat' dir='ltr'>r·</span> <span class='ocrx_word' id='word_1_183' title='bbox 947 3031 1083 3079; x_wconf 75' lang='lat' dir='ltr'>crederetur</span> <span class='ocrx_word' id='word_1_184' title='bbox 1102 3036 1179 3092; x_wconf 75' lang='lat' dir='ltr'>x.-t</span> <span class='ocrx_word' id='word_1_185' title='bbox 1203 3031 1303 3085; x_wconf 69' lang='lat' dir='ltr'>code</span> 
     </span>
     <span class='ocr_line' id='line_1_27' title="bbox 211 3088 1304 3157; baseline 0 -14"><span class='ocrx_word' id='word_1_186' title='bbox 211 3092 390 3143; x_wconf 67' lang='lat' dir='ltr'>ntotimibrrs.</span> <span class='ocrx_word' id='word_1_187' title='bbox 423 3092 497 3153; x_wconf 80' lang='lat' dir='ltr'>Mox,</span> <span class='ocrx_word' id='word_1_188' title='bbox 514 3096 632 3157; x_wconf 77' lang='lat' dir='ltr'>respesdtt</span> <span class='ocrx_word' id='word_1_189' title='bbox 643 3093 724 3143; x_wconf 83' lang='lat' dir='ltr'>Barb.</span> <span class='ocrx_word' id='word_1_190' title='bbox 737 3093 759 3142; x_wconf 85' lang='lat' dir='ltr'>C</span> <span class='ocrx_word' id='word_1_191' title='bbox 771 3092 797 3142; x_wconf 85' lang='lat' dir='ltr'>ll</span> <span class='ocrx_word' id='word_1_192' title='bbox 811 3092 873 3143; x_wconf 76' lang='lat' dir='ltr'>ST·</span> <span class='ocrx_word' id='word_1_193' title='bbox 896 3088 1053 3155; x_wconf 66' lang='lat' dir='ltr'>‘Semenl</span> <span class='ocrx_word' id='word_1_194' title='bbox 1069 3092 1112 3143; x_wconf 80' lang='lat' dir='ltr'>Ab</span> <span class='ocrx_word' id='word_1_195' title='bbox 1122 3096 1161 3143; x_wconf 90' lang='lat' dir='ltr'>bis</span> <span class='ocrx_word' id='word_1_196' title='bbox 1173 3096 1257 3147; x_wconf 72' lang='lat' dir='ltr'>serbis</span> <span class='ocrx_word' id='word_1_197' title='bbox 1268 3096 1304 3143; x_wconf 86' lang='lat' dir='ltr'>ts·</span> 
     </span>
     <span class='ocr_line' id='line_1_28' title="bbox 213 3154 1304 3222; baseline 0.003 -17"><span class='ocrx_word' id='word_1_198' title='bbox 213 3154 279 3205; x_wconf 76' lang='lat' dir='ltr'>e&#39;nne</span> <span class='ocrx_word' id='word_1_199' title='bbox 292 3165 331 3205; x_wconf 87' lang='lat' dir='ltr'>est</span> <span class='ocrx_word' id='word_1_200' title='bbox 343 3158 368 3205; x_wconf 90' lang='lat' dir='ltr'>in</span> <span class='ocrx_word' id='word_1_201' title='bbox 380 3154 470 3206; x_wconf 77' lang='lat' dir='ltr'>(iusti.</span> <span class='ocrx_word' id='word_1_202' title='bbox 480 3171 560 3222; x_wconf 87' lang='lat' dir='ltr'>usqne</span> <span class='ocrx_word' id='word_1_203' title='bbox 572 3156 604 3207; x_wconf 87' lang='lat' dir='ltr'>ed</span> <span class='ocrx_word' id='word_1_204' title='bbox 616 3158 703 3213; x_wconf 84' lang='lat' dir='ltr'>verbe,</span> <span class='ocrx_word' id='word_1_205' title='bbox 713 3156 780 3206; x_wconf 79' lang='lat' dir='ltr'>‘Sed</span> <span class='ocrx_word' id='word_1_206' title='bbox 793 3156 938 3220; x_wconf 69' lang='lat' dir='ltr'>exponan’</span> <span class='ocrx_word' id='word_1_207' title='bbox 948 3159 998 3206; x_wconf 78' lang='lat' dir='ltr'>tre.</span> <span class='ocrx_word' id='word_1_208' title='bbox 1013 3172 1036 3206; x_wconf 87' lang='lat' dir='ltr'>c.</span> <span class='ocrx_word' id='word_1_209' title='bbox 1047 3157 1097 3207; x_wconf 69' lang='lat'>28!</span> <span class='ocrx_word' id='word_1_210' title='bbox 1118 3158 1221 3208; x_wconf 75' lang='lat' dir='ltr'>Ernesti.</span> <span class='ocrx_word' id='word_1_211' title='bbox 1254 3158 1304 3208; x_wconf 78' lang='lat' dir='ltr'>Err-</span> 
     </span>
     <span class='ocr_line' id='line_1_29' title="bbox 213 3220 1304 3287; baseline 0 -16"><span class='ocrx_word' id='word_1_212' title='bbox 213 3221 274 3271; x_wconf 84' lang='lat' dir='ltr'>dem</span> <span class='ocrx_word' id='word_1_213' title='bbox 285 3222 377 3271; x_wconf 78' lang='lat' dir='ltr'>terune</span> <span class='ocrx_word' id='word_1_214' title='bbox 393 3228 432 3270; x_wconf 85' lang='lat' dir='ltr'>eet</span> <span class='ocrx_word' id='word_1_215' title='bbox 452 3222 479 3270; x_wconf 92' lang='lat' dir='ltr'>tn</span> <span class='ocrx_word' id='word_1_216' title='bbox 492 3220 570 3271; x_wconf 83' lang='lat' dir='ltr'>Bsrb.</span> <span class='ocrx_word' id='word_1_217' title='bbox 603 3221 635 3271; x_wconf 89' lang='lat' dir='ltr'>lu</span> <span class='ocrx_word' id='word_1_218' title='bbox 656 3239 673 3275; x_wconf 86' lang='lat' dir='ltr'>r·</span> <span class='ocrx_word' id='word_1_219' title='bbox 692 3221 822 3284; x_wconf 83' lang='lat' dir='ltr'>xdesnnt</span> <span class='ocrx_word' id='word_1_220' title='bbox 834 3221 913 3271; x_wconf 81' lang='lat' dir='ltr'>verbs</span> <span class='ocrx_word' id='word_1_221' title='bbox 935 3228 995 3284; x_wconf 87' lang='lat' dir='ltr'>post</span> <span class='ocrx_word' id='word_1_222' title='bbox 1013 3222 1149 3271; x_wconf 78' lang='lat' dir='ltr'>‘omnen&#39;</span> <span class='ocrx_word' id='word_1_223' title='bbox 1170 3236 1250 3287; x_wconf 85' lang='lat' dir='ltr'>usqne</span> <span class='ocrx_word' id='word_1_224' title='bbox 1271 3223 1304 3271; x_wconf 87' lang='lat' dir='ltr'>sd</span> 
     </span>
    </p>
   </div>
   <div class='ocr_carea' id='block_1_6' title="bbox 706 3378 814 3431">
    <p class='ocr_par' dir='ltr' id='par_1_6' title="bbox 706 3378 814 3431">
     <span class='ocr_line' id='line_1_30' title="bbox 706 3378 814 3431; baseline 0 0"><span class='ocrx_word' id='word_1_225' title='bbox 706 3378 814 3431; x_wconf 77' lang='lat' dir='ltr'>NOTAE</span> 
     </span>
    </p>
   </div>
   <div class='ocr_carea' id='block_1_7' title="bbox 215 3545 1311 4287">
    <p class='ocr_par' dir='ltr' id='par_1_7' title="bbox 215 3545 1308 3767">
     <span class='ocr_line' id='line_1_31' title="bbox 250 3545 1307 3615; baseline -0.001 -15"><span class='ocrx_word' id='word_1_226' title='bbox 250 3550 257 3584; x_wconf 89' lang='lat'><strong>¹</strong></span> <span class='ocrx_word' id='word_1_227' title='bbox 272 3550 397 3615; x_wconf 80' lang='lat' dir='ltr'>Crederet]</span> <span class='ocrx_word' id='word_1_228' title='bbox 422 3550 453 3601; x_wconf 87' lang='lat' dir='ltr'>Id</span> <span class='ocrx_word' id='word_1_229' title='bbox 465 3558 516 3611; x_wconf 86' lang='lat' dir='ltr'>eet,</span> <span class='ocrx_word' id='word_1_230' title='bbox 527 3564 603 3601; x_wconf 89' lang='lat' dir='ltr'>nemo</span> <span class='ocrx_word' id='word_1_231' title='bbox 616 3550 640 3599; x_wconf 90' lang='lat' dir='ltr'>ei</span> <span class='ocrx_word' id='word_1_232' title='bbox 652 3556 742 3600; x_wconf 84' lang='lat' dir='ltr'>mutua</span> <span class='ocrx_word' id='word_1_233' title='bbox 813 3556 826 3583; x_wconf 86' lang='lat'>¹</span> <span class='ocrx_word' id='word_1_234' title='bbox 842 3547 1017 3612; x_wconf 68' lang='lat' dir='ltr'>lefisietsrese]</span> <span class='ocrx_word' id='word_1_235' title='bbox 1034 3545 1196 3597; x_wconf 84' lang='lat' dir='ltr'>lntieieteree</span> <span class='ocrx_word' id='word_1_236' title='bbox 1211 3548 1252 3598; x_wconf 88' lang='lat' dir='ltr'>bte</span> <span class='ocrx_word' id='word_1_237' title='bbox 1262 3564 1307 3613; x_wconf 92' lang='lat' dir='ltr'>sp·</span> 
     </span>
     <span class='ocr_line' id='line_1_32' title="bbox 216 3622 1132 3689; baseline -0.004 -14"><span class='ocrx_word' id='word_1_238' title='bbox 216 3624 279 3676; x_wconf 81' lang='lat' dir='ltr'>dere</span> <span class='ocrx_word' id='word_1_239' title='bbox 301 3626 423 3675; x_wconf 80' lang='lat' dir='ltr'>rolsbet:</span> <span class='ocrx_word' id='word_1_240' title='bbox 454 3626 513 3673; x_wconf 86' lang='lat' dir='ltr'>tude</span> <span class='ocrx_word' id='word_1_241' title='bbox 534 3624 635 3675; x_wconf 80' lang='lat' dir='ltr'>credite</span> <span class='ocrx_word' id='word_1_242' title='bbox 656 3622 742 3687; x_wconf 83' lang='lat' dir='ltr'>patine</span> <span class='ocrx_word' id='word_1_243' title='bbox 782 3624 862 3689; x_wconf 86' lang='lat' dir='ltr'>pellet</span> <span class='ocrx_word' id='word_1_244' title='bbox 874 3624 915 3688; x_wconf 86' lang='lat' dir='ltr'>qui</span> <span class='ocrx_word' id='word_1_245' title='bbox 928 3632 1021 3686; x_wconf 63' lang='lat' dir='ltr'>negent</span> <span class='ocrx_word' id='word_1_246' title='bbox 1034 3622 1132 3671; x_wconf 86' lang='lat' dir='ltr'>debite.</span> 
     </span>
     <span class='ocr_line' id='line_1_33' title="bbox 215 3696 1308 3767; baseline -0.003 -17"><span class='ocrx_word' id='word_1_247' title='bbox 215 3700 336 3767; x_wconf 81' lang='lat' dir='ltr'>proauis,</span> <span class='ocrx_word' id='word_1_248' title='bbox 346 3715 421 3763; x_wconf 84' lang='lat' dir='ltr'>quarn</span> <span class='ocrx_word' id='word_1_249' title='bbox 434 3701 522 3749; x_wconf 81' lang='lat' dir='ltr'>debite</span> <span class='ocrx_word' id='word_1_250' title='bbox 533 3700 638 3750; x_wconf 87' lang='lat' dir='ltr'>dieitur.</span> <span class='ocrx_word' id='word_1_251' title='bbox 815 3707 829 3733; x_wconf 78' lang='lat'><em>⁰</em></span> <span class='ocrx_word' id='word_1_252' title='bbox 847 3698 973 3748; x_wconf 76' lang='lat' dir='ltr'>Verserres</span> <span class='ocrx_word' id='word_1_253' title='bbox 992 3696 1084 3759; x_wconf 76' lang='lat' dir='ltr'>edere]</span> <span class='ocrx_word' id='word_1_254' title='bbox 1110 3698 1251 3747; x_wconf 82' lang='lat' dir='ltr'>Versnrsm</span> <span class='ocrx_word' id='word_1_255' title='bbox 1271 3697 1308 3747; x_wconf 87' lang='lat' dir='ltr'>t&#39;e·</span> 
     </span>
    </p>

    <p class='ocr_par' dir='ltr' id='par_1_8' title="bbox 216 3774 1311 4287">
     <span class='ocr_line' id='line_1_34' title="bbox 247 3774 1311 3839; baseline -0.001 -14"><span class='ocrx_word' id='word_1_256' title='bbox 247 3783 266 3809; x_wconf 76' lang='lat'>¹²</span> <span class='ocrx_word' id='word_1_257' title='bbox 281 3774 305 3825; x_wconf 81' lang='grc' dir='ltr'><strong><em>Δ</em></strong></span> <span class='ocrx_word' id='word_1_258' title='bbox 322 3775 542 3839; x_wconf 73' lang='lat' dir='ltr'>recuperatoribus]</span> <span class='ocrx_word' id='word_1_259' title='bbox 567 3776 743 3839; x_wconf 81' lang='lat' dir='ltr'>lleonpereto·</span> <span class='ocrx_word' id='word_1_260' title='bbox 784 3788 854 3834; x_wconf 81' lang='lat' dir='ltr'>rere,</span> <span class='ocrx_word' id='word_1_261' title='bbox 865 3790 911 3825; x_wconf 85' lang='lat' dir='ltr'>sen</span> <span class='ocrx_word' id='word_1_262' title='bbox 921 3782 1035 3825; x_wconf 86' lang='lat' dir='ltr'>mstnsrrr</span> <span class='ocrx_word' id='word_1_263' title='bbox 1051 3774 1187 3838; x_wconf 82' lang='lat' dir='ltr'>perunienr</span> <span class='ocrx_word' id='word_1_264' title='bbox 1198 3787 1311 3836; x_wconf 78' lang='lat' dir='ltr'>sumere,</span> 
     </span>
     <span class='ocr_line' id='line_1_35' title="bbox 216 3848 1309 3915; baseline -0.004 -16"><span class='ocrx_word' id='word_1_265' title='bbox 216 3864 258 3903; x_wconf 81' lang='lat' dir='ltr'>rte</span> <span class='ocrx_word' id='word_1_266' title='bbox 273 3850 377 3915; x_wconf 82' lang='lat' dir='ltr'>judiees</span> <span class='ocrx_word' id='word_1_267' title='bbox 394 3860 478 3908; x_wconf 83' lang='lat' dir='ltr'>erent,</span> <span class='ocrx_word' id='word_1_268' title='bbox 490 3852 532 3914; x_wconf 88' lang='lat' dir='ltr'>qui</span> <span class='ocrx_word' id='word_1_269' title='bbox 551 3864 567 3899; x_wconf 85' lang='lat' dir='ltr'>e</span> <span class='ocrx_word' id='word_1_270' title='bbox 588 3860 698 3915; x_wconf 71' lang='lat' dir='ltr'>pretore</span> <span class='ocrx_word' id='word_1_271' title='bbox 717 3850 743 3900; x_wconf 91' lang='lat' dir='ltr'>ln</span> <span class='ocrx_word' id='word_1_272' title='bbox 784 3864 817 3901; x_wconf 80' lang='lat' dir='ltr'>es</span> <span class='ocrx_word' id='word_1_273' title='bbox 830 3865 862 3901; x_wconf 87' lang='lat' dir='ltr'>eo</span> <span class='ocrx_word' id='word_1_274' title='bbox 873 3851 972 3901; x_wconf 86' lang='lat' dir='ltr'>dirtnnr</span> <span class='ocrx_word' id='word_1_275' title='bbox 983 3857 1033 3907; x_wconf 78' lang='lat' dir='ltr'>est,</span> <span class='ocrx_word' id='word_1_276' title='bbox 1043 3849 1112 3915; x_wconf 87' lang='lat' dir='ltr'>quod</span> <span class='ocrx_word' id='word_1_277' title='bbox 1124 3848 1198 3897; x_wconf 84' lang='lat' dir='ltr'>tuitio</span> <span class='ocrx_word' id='word_1_278' title='bbox 1208 3857 1309 3900; x_wconf 79' lang='lat' dir='ltr'>mutus.</span> 
     </span>
     <span class='ocr_line' id='line_1_36' title="bbox 216 3923 1309 3992; baseline -0.002 -16"><span class='ocrx_word' id='word_1_279' title='bbox 216 3927 696 3992; x_wconf 81' lang='lat' dir='ltr'>psieetlseontrorerriir,quarumque</span> <span class='ocrx_word' id='word_1_280' title='bbox 711 3928 743 3979; x_wconf 88' lang='lat' dir='ltr'>de</span> <span class='ocrx_word' id='word_1_281' title='bbox 785 3926 881 3977; x_wconf 83' lang='lat' dir='ltr'>bantur</span> <span class='ocrx_word' id='word_1_282' title='bbox 896 3925 930 3975; x_wconf 85' lang='lat' dir='ltr'>eb</span> <span class='ocrx_word' id='word_1_283' title='bbox 945 3926 1013 3986; x_wconf 86' lang='lat' dir='ltr'>eliis,</span> <span class='ocrx_word' id='word_1_284' title='bbox 1027 3938 1076 3973; x_wconf 88' lang='lat' dir='ltr'>non</span> <span class='ocrx_word' id='word_1_285' title='bbox 1093 3932 1124 3974; x_wconf 90' lang='lat' dir='ltr'>nt</span> <span class='ocrx_word' id='word_1_286' title='bbox 1140 3924 1240 3973; x_wconf 76' lang='lat' dir='ltr'>domem</span> <span class='ocrx_word' id='word_1_287' title='bbox 1257 3923 1309 3975; x_wconf 75' lang='lat' dir='ltr'>ier·</span> 
     </span>
     <span class='ocr_line' id='line_1_37' title="bbox 218 4000 1310 4069; baseline -0.001 -18"><span class='ocrx_word' id='word_1_288' title='bbox 218 4017 246 4051; x_wconf 86' lang='lat' dir='ltr'>re</span> <span class='ocrx_word' id='word_1_289' title='bbox 257 4009 387 4069; x_wconf 68' lang='lat' dir='ltr'>speretur,</span> <span class='ocrx_word' id='word_1_290' title='bbox 398 4002 542 4062; x_wconf 68' lang='lat' dir='ltr'>debsutnrr</span> <span class='ocrx_word' id='word_1_291' title='bbox 558 4018 622 4068; x_wconf 84' lang='lat' dir='ltr'>quos</span> <span class='ocrx_word' id='word_1_292' title='bbox 639 4019 655 4053; x_wconf 87' lang='lat' dir='ltr'>s</span> <span class='ocrx_word' id='word_1_293' title='bbox 671 4018 744 4055; x_wconf 85' lang='lat' dir='ltr'>rreu·</span> <span class='ocrx_word' id='word_1_294' title='bbox 784 4009 855 4065; x_wconf 83' lang='lat' dir='ltr'>rent,</span> <span class='ocrx_word' id='word_1_295' title='bbox 877 4001 923 4052; x_wconf 84' lang='lat' dir='ltr'>ssd</span> <span class='ocrx_word' id='word_1_296' title='bbox 944 4010 974 4051; x_wconf 88' lang='lat' dir='ltr'>rrt</span> <span class='ocrx_word' id='word_1_297' title='bbox 996 4000 1054 4050; x_wconf 87' lang='lat' dir='ltr'>eills</span> <span class='ocrx_word' id='word_1_298' title='bbox 1078 4001 1218 4061; x_wconf 79' lang='lat' dir='ltr'>solverent,</span> <span class='ocrx_word' id='word_1_299' title='bbox 1240 4001 1310 4050; x_wconf 83' lang='lat' dir='ltr'>velut</span> 
     </span>
     <span class='ocr_line' id='line_1_38' title="bbox 218 4074 1310 4143; baseline -0.003 -16"><span class='ocrx_word' id='word_1_300' title='bbox 218 4078 332 4140; x_wconf 83' lang='lat' dir='ltr'>pereudo</span> <span class='ocrx_word' id='word_1_301' title='bbox 353 4079 438 4130; x_wconf 87' lang='lat' dir='ltr'>dietoe</span> <span class='ocrx_word' id='word_1_302' title='bbox 460 4084 580 4142; x_wconf 85' lang='lat' dir='ltr'>spperet,</span> <span class='ocrx_word' id='word_1_303' title='bbox 601 4077 670 4143; x_wconf 90' lang='lat' dir='ltr'>quod</span> <span class='ocrx_word' id='word_1_304' title='bbox 696 4092 745 4143; x_wconf 90' lang='lat' dir='ltr'>per</span> <span class='ocrx_word' id='word_1_305' title='bbox 785 4084 919 4126; x_wconf 82' lang='lat' dir='ltr'>verterent</span> <span class='ocrx_word' id='word_1_306' title='bbox 946 4076 1113 4126; x_wconf 77' lang='lat' dir='ltr'>creditorem.</span> <span class='ocrx_word' id='word_1_307' title='bbox 1153 4074 1310 4125; x_wconf 82' lang='lat' dir='ltr'>‘Verenrenr</span> 
     </span>
     <span class='ocr_line' id='line_1_39' title="bbox 219 4148 1311 4219; baseline -0.001 -19"><span class='ocrx_word' id='word_1_308' title='bbox 219 4162 263 4201; x_wconf 84' lang='lat' dir='ltr'>eor</span> <span class='ocrx_word' id='word_1_309' title='bbox 290 4166 362 4203; x_wconf 87' lang='lat' dir='ltr'>enum</span> <span class='ocrx_word' id='word_1_310' title='bbox 389 4152 496 4219; x_wconf 86' lang='lat' dir='ltr'>quisque</span> <span class='ocrx_word' id='word_1_311' title='bbox 517 4152 562 4217; x_wconf 85' lang='lat' dir='ltr'>jur</span> <span class='ocrx_word' id='word_1_312' title='bbox 587 4165 744 4219; x_wconf 83' lang='lat' dir='ltr'>reeuperere</span> <span class='ocrx_word' id='word_1_313' title='bbox 784 4150 888 4202; x_wconf 79' lang='lat' dir='ltr'>tseers&#39;</span> <span class='ocrx_word' id='word_1_314' title='bbox 907 4164 1089 4215; x_wconf 87' lang='lat' dir='ltr'>uounnuqusnr</span> <span class='ocrx_word' id='word_1_315' title='bbox 1108 4148 1311 4215; x_wconf 70' lang='lat' dir='ltr'>simpliciterne</span> 
     </span>
     <span class='ocr_line' id='line_1_40' title="bbox 220 4224 1175 4287; baseline -0.001 -13"><span class='ocrx_word' id='word_1_316' title='bbox 220 4233 315 4287; x_wconf 84' lang='lat' dir='ltr'>posset.</span> <span class='ocrx_word' id='word_1_317' title='bbox 785 4227 897 4277; x_wconf 84' lang='lat' dir='ltr'>etlesnnr</span> <span class='ocrx_word' id='word_1_318' title='bbox 908 4224 1175 4277; x_wconf 83' lang='lat' dir='ltr'>rontrsbersdieitrrr.</span> 
     </span>
    </p>
   </div>
   <div class='ocr_carea' id='block_1_8' title="bbox 0 0 1645 4909">
    <p class='ocr_par' dir='ltr' id='par_1_9' title="bbox 0 0 1645 4909">
     <span class='ocr_line' id='line_1_41' title="bbox 0 0 1645 4909; baseline 0 0"><span class='ocrx_word' id='word_1_319' title='bbox 0 0 1645 4909; x_wconf 95' lang='lat' dir='ltr'> </span> 
     </span>
    </p>
   </div>
  </div>
 </body>
</html>
