3234 4909
323 352 411 418 1174
672 370 711 417 rr.
733 368 902 417 ‘suenrus
927 368 1063 417 cronno

324 514 410 576 tetis.
456 511 501 574 Et
526 511 590 575 boc
616 508 779 594 persum⁹
805 518 1029 592 argumentum
1053 508 1151 575 vobis
1178 510 1250 587 erit,
1273 528 1294 573 u
1315 514 1414 577 certis

324 612 513 676 bominibus
543 611 803 677 dominationem
835 619 1102 695 potestatemque
1130 612 1275 675 omnium
1305 631 1413 677 rerum

324 715 530 794 quanticum
551 713 708 790 videatis,
731 732 931 796 comunem
954 713 1125 777 custodem
1145 718 1261 777 vestrm
1283 711 1414 776 libertu-

324 816 367 877 tis
378 822 404 851 ¹⁰
418 813 486 879 sore
501 814 648 887 rideant,
663 818 836 895 expertem
850 812 920 876 fieri
939 812 1135 894 dignitatis‘t

364 916 419 979 26.
441 913 641 995 cognoscite
655 932 757 989 nnnc,
769 932 847 994 qnae
862 918 1010 995 potestus
1025 913 1233 991 decemviris,
1245 920 1281 978 et
1291 918 1416 995 quantu

321 1015 426 1080 detur.
472 1015 619 1079 Primum
641 1015 716 1096 iege
732 1015 862 1077 curiata
876 1013 1083 1079 decemviros
1099 1020 1214 1077 umet*
1256 1012 1335 1078 Jrun
1351 1013 1421 1076 boc‘

320 1115 519 1191 inauditum,
534 1122 570 1178 et
590 1114 687 1197 plene
708 1132 799 1178 novo
822 1121 948 1187 more,¹¹
972 1116 1021 1177 uti
1036 1114 1164 1178 curiata
1178 1109 1273 1194 luge¹¹
1295 1110 1414 1193 magis·

321 1221 426 1279 tratns
447 1212 565 1292 detur,¹
587 1216 645 1298 qui
666 1215 767 1279 nuliis
787 1210 954 1279 comitiis¹¹
969 1220 1045 1279 ante
1061 1214 1227 1278 sitdutus.
1270 1212 1352 1277 Earn
1369 1212 1414 1276 ie·

321 1334 394 1396 gem
410 1317 510 1380 obeo
525 1324 708 1399 prretore,¹¹
723 1315 783 1399 qni
797 1316 845 1379 sit
858 1310 998 1397 primus¹
1012 1315 1133 1391 sectus,
1143 1314 1220 1377 ierri
1231 1312 1339 1396 jubet.
1366 1312 1415 1377 At

278 1398 284 1410 ⁶
321 1415 516 1498 quomodo?
559 1415 609 1480 Ut
628 1416 654 1478 ii
675 1415 936 1479 decemviratum
957 1414 1110 1490 babeant,
1132 1432 1217 1496 quos
1239 1414 1334 1496 plebs
1356 1412 1422 1475 de·

321 1517 511 1597 signaverit.
556 1516 691 1579 Oblitus
705 1524 771 1593 est,
786 1516 899 1579 nullos
914 1518 957 1579 ob
973 1515 1071 1597 plebe
1087 1517 1285 1599 designari.m
1328 1514 1415 1579 Etis

321 1616 433 1679 orbem
459 1623 619 1679 terromm
645 1617 845 1698 constringit
868 1617 965 1679 novis
987 1617 1127 1698 legibus,
1148 1618 1217 1699 qni,
1241 1614 1357 1699 quid¹³
1379 1616 1413 1678 in

320 1716 470 1780 secnndo
484 1718 595 1799 capite
610 1717 773 1799 scriptum
787 1722 849 1793 est,
861 1736 927 1781 non
942 1716 1090 1782 meminit
1102 1720 1134 1781 in
1146 1717 1264 1781 tertioi
1301 1714 1414 1798 Atque

319 1816 398 1880 bic¹¹
423 1818 638 1900 perspicuum
661 1824 725 1896 est,
746 1816 827 1900 quid
846 1816 933 1899 juris
956 1836 976 1881 e
998 1818 1179 1900 majoribus
1202 1814 1414 1905 acceperitis,

320 1915 399 2000 quid
422 1916 553 1981 abhoc
573 1915 831 2001 tribunoplebis
847 1916 1211 2000 vobieurelinquatm.
1256 1932 1313 1983 xr.
1336 1915 1413 1980 Me-

324 2042 329 2047 *
351 2072 489 2120 ‘lumem

320 2261 437 2325 Herrsp.
448 2262 560 2313 bsured.
579 2263 650 2313 vies.
669 2263 771 2314 ussum.
789 2264 878 2315 Lsmb.
896 2266 1026 2317 cremetis:
1038 2265 1112 2316 Csm.
1129 2264 1273 2314 ceute-n
1289 2268 1414 2327 tporrrssr

319 2326 370 2375 bis.
380 2340 422 2390 sp.
433 2326 548 2377 Turneb.
557 2328 733 2387 primns-to
750 2327 776 2377 ii
786 2328 804 2377 8
816 2334 931 2389 xsestrae
939 2330 1046 2380 tto-11
1064 2328 1148 2379 iidem
1160 2330 1222 2379 bise.
1235 2343 1293 2378 sose
1301 2330 1327 2379 is
1338 2342 1411 2377 ssure.

318 2388 371 2438 Pro
381 2392 428 2450 uti,
437 2391 506 2455 quod
518 2391 543 2439 in
554 2392 576 2441 c
589 2392 614 2441 ii
625 2392 643 2441 Β
653 2407 674 2454 χ
684 2391 769 2451 deest,
787 2393 876 2443 Lemb.
892 2393 973 2444 trehet
987 2400 1013 2443 m
1025 2394 1055 2443 ei.
1090 2394 1152 2442 Mox
1165 2394 1187 2443 c
1201 2392 1226 2441 ii
1239 2394 1257 2443 S
1272 2396 1299 2454 tr,
1315 2392 1413 2443 Perisr.

319 2463 347 2502 et
358 2454 417 2502 edd.
431 2463 494 2503 retr.
502 2469 562 2503 cum
573 2456 638 2503 irsit.
647 2464 675 2505 et
686 2455 770 2506 Oseil·
780 2458 1032 2507 ostendissem-12
1051 2458 1142 2506 Frene.
1152 2460 1176 2505 1.
1185 2456 1214 2505 ub
1225 2471 1252 2506 eo
1262 2462 1362 2519 prator-e
1371 2471 1411 2519 pu·
1454 2459 1458 2465 '

316 2518 368 2579 pnti
385 2518 502 2568 meant.-
512 2520 570 2580 ted
581 2534 607 2568 eo
617 2524 718 2581 pretore
732 2534 770 2581 po.
786 2521 829 2569 Ro.
863 2522 981 2571 Gsaerius
993 2536 1007 2567 e
1019 2519 1089 2569 Pitb.
1100 2528 1127 2570 et
1139 2520 1239 2569 duobus
1251 2520 1319 2569 Peli.
1331 2518 1414 2569 edidit

318 2580 348 2627 ot
356 2596 383 2628 ec
392 2586 494 2642 pretore
506 2582 537 2630 P.
550 2582 582 2630 it.
615 2582 678 2631 Mos
692 2583 717 2631 iu
730 2584 751 2633 c
762 2584 780 2633 S
791 2601 812 2645 χ
813 2582 1018 2649 firmium-18
1035 2584 1087 2633 Pro
1098 2583 1231 2647 quiquidc
1244 2582 1270 2632 fl
1280 2584 1297 2634 S
1308 2586 1335 2645 ψ,
1346 2582 1411 2632 Ven.

318 2646 391 2691 reso.
403 2648 475 2693 1⁴8⁸.
490 2644 565 2695 Junt.
584 2645 658 2695 Rom.
670 2646 755 2696 werd.
772 2648 869 2697 bsbent
884 2649 1003 2713 pstcprtd.
1037 2648 1119 2698 Beck.
1135 2648 1241 2698 Scbuts.
1257 2656 1285 2697 et
1300 2648 1412 2698 orsus

319 2706 469 2769 conjecturs
480 2708 596 2757 Lemiriui
608 2709 735 2760 dederunt
745 2712 785 2774 psi
795 2712 928 2776 quoe-rs
950 2712 1020 2763 Vobis
1031 2726 1081 2762 nou
1093 2719 1134 2763 eet
1143 2713 1168 2761 in
1181 2712 1205 2761 tt
1218 2712 1235 2760 S
1247 2726 1274 2773 χ.

812 2870 921 2922 NOTAE

350 2987 482 3037 *Crista
492 2988 556 3053 tres]
571 2988 845 3040 uerteretudtcebe·
919 2992 926 3027 ¹
951 2990 1113 3054 Magistratus
1134 2992 1214 3054 detur]
1241 2992 1349 3045 Curiets
1369 2992 1411 3043 tex

319 3070 373 3123 tor,
390 3078 447 3125 qne
459 3063 492 3113 ed
513 3065 603 3128 popsii
620 3067 715 3127 curtes,
732 3066 782 3115 troc
797 3073 847 3123 est,
887 3068 1065 3131 megistretum
1086 3083 1138 3119 usu
1159 3069 1247 3133 debet,
1268 3068 1315 3118 sed
1334 3068 1411 3119 rebus

319 3152 377 3200 quse
388 3139 494 3188 eurietis
504 3140 617 3189 consitiis
634 3138 777 3198 ierebstnr,
787 3156 847 3191 enm
887 3144 1039 3194 necessariis
1051 3144 1207 3194 instruebst.
1376 3204 1380 3209 ‚

320 3215 431 3275 populus
451 3228 497 3275 per
514 3216 600 3263 eurise
617 3212 741 3279 suffrsgis
754 3216 848 3269 inibat.
919 3218 932 3253 ¹
949 3220 1030 3269 Nettis
1040 3220 1154 3282 cessistis]
1166 3218 1277 3269 Comitis
1287 3226 1362 3268 erent
1374 3228 1412 3267 ro·

319 3287 402 3337 Porro
422 3289 548 3351 ejusmodi
569 3291 611 3339 ies
631 3291 732 3340 ensists
750 3292 847 3356 dnpies
888 3294 939 3341 tiss
951 3295 1048 3356 popuii,
1059 3308 1108 3343 non
1118 3294 1303 3356 septemdecim
1312 3300 1412 3343 tentum

319 3360 387 3421 iuit;
405 3363 743 3426 uneqnoeierebstsrretim
754 3370 847 3431 megis-
888 3368 1009 3424 tribuum,
1037 3382 1052 3417 e
1079 3367 1171 3433 quibus
1198 3368 1302 3418 rotebet
1323 3368 1414 3417 liutius

320 3438 432 3486 tretibus
447 3437 564 3500 pstrieiis
579 3440 633 3501 Jenr
650 3439 801 3503 designetis,
814 3441 846 3493 sd
887 3444 970 3493 eresri
982 3443 1149 3493 decemviros.

320 3527 365 3563 eos
386 3512 593 3575 eontirmeudoe;
623 3517 733 3579 populus
759 3525 847 3569 sutem
920 3516 1413 3583 ¹Ateopreroreqetsuprtmm11cce

320 3594 423 3652 poteret
441 3588 555 3651 priorum
573 3592 737 3641 comitiorum
755 3600 847 3644 centu·
887 3602 947 3643 octo
966 3601 1042 3644 erent
1064 3603 1190 3657 pretores
1209 3592 1316 3641 urbsut=
1334 3607 1413 3656 porro

320 3666 445 3714 ristornm
456 3666 611 3716 senteurtsnr
628 3665 798 3732 infirmsre,st
817 3668 846 3719 ii·
887 3669 929 3719 les
942 3668 1067 3719 comesse
1081 3666 1227 3716 enormibus
1237 3665 1391 3717 irmbutum

318 3740 368 3789 iius
398 3741 558 3803 poeniteret:
593 3756 680 3793 rerum
709 3746 846 3807 postremis
919 3748 938 3776 ¹
955 3742 1080 3793 Nettssei
1095 3740 1305 3806 pteisdrsiessrs]
1324 3742 1414 3791 Nosse

320 3816 482 3879 temporibus
504 3816 622 3867 obrutets
642 3817 699 3867 Ιιεο
721 3818 765 3867 tex
786 3818 846 3869 tuit.
888 3815 1057 3881 pretende
1073 3822 1148 3879 perte
1160 3815 1355 3880 tentnmpiebie
1367 3815 1414 3867 de·

320 3888 420 3946 Atters,
433 3904 492 3954 quse
510 3889 643 3941 sentem
658 3892 810 3943 consulibus
819 3898 848 3944 et
887 3890 1076 3956 signertjubet.

319 3964 524 4028 megbtretibum
539 3966 565 4016 in
580 3967 748 4029 provincius,
764 3976 793 4017 et
813 3968 846 4019 sd
918 3974 932 4001 ¹
952 3966 1028 4031 Atpss
1038 3965 1089 4029 bic]
1105 3964 1309 4029 Ampiidcetbie
1320 3966 1412 4017 cicero

319 4039 413 4090 betium
424 4056 483 4091 eum
502 4043 611 4106 irnperio
628 4044 734 4095 militer!
745 4044 847 4108 proibe·
886 4042 961 4106 bnjue
980 4042 1119 4094 eresttonte
1136 4040 1336 4105 iudipnimtemr
1352 4055 1413 4091 nem

321 4114 396 4175 turis,
414 4130 445 4165 ee
463 4118 601 4180 postremis
620 4120 780 4184 temporibus
800 4120 846 4172 eb-
887 4118 996 4181 mejores
1005 4118 1104 4181 poputo
1122 4118 1226 4179 gemine
1242 4117 1348 4168 cernitis
1366 4116 1412 4167 de·

319 4196 431 4240 serrete.
886 4192 990 4257 derunt,
1002 4192 1092 4243 linitus
1102 4204 1163 4243 sero
1171 4192 1258 4243 omnis
1265 4192 1379 4241 sustulit.
