3234 4909
299 409 383 473 lo‘tt
661 422 698 466 ru.
720 419 887 469 renerus
909 420 1046 469 oroneo

298 564 427 631 fecisti:
450 568 540 626 tutor
560 564 610 627 iris
636 566 736 628 rebus
757 562 954 628 Graecorum
975 564 1125 645 legibus¹
1146 562 1393 627 ascribendus·

298 664 373 729 fuit.
426 664 713 729 Polemocratem⁷
745 666 933 748 scripsisti,⁸
961 665 1197 729 mercenarium
1225 671 1259 727 et
1286 665 1392 729 admi·

299 764 435 831 nistrum
465 766 680 839 consiliorum
713 772 864 831 tuorum:
899 765 1066 830 adductus
1094 774 1148 827 est
1171 764 1207 827 in
1225 763 1391 847 judicium

300 850 551 929 Polemocrates
567 867 610 930 de
624 866 705 930 dolo
732 866 822 931 malo
847 875 883 930 at
901 866 944 929 (le
969 865 1085 929 fraude
1111 884 1133 928 a
1155 866 1277 941 Dione,
1293 866 1394 947 hujus

298 967 407 1050 ipsius
423 966 538 1031 tutelae
557 966 713 1031 nomine.‘
754 965 824 1043 Qui
839 985 1022 1031 concursus
1036 985 1079 1028 ex
1094 965 1230 1048 oppidis
1247 965 1396 1031 finitimis

299 1066 467 1149 undique!
490 1067 549 1150 qni
574 1066 672 1131 dolor
695 1065 898 1132 animorum!
920 1085 997 1149 quar
1027 1067 1184 1149 querela!
1229 1065 1394 1131 Condem-

299 1174 400 1231 natos
419 1172 470 1231 est
489 1167 741 1232 Polemocrates
759 1167 935 1231 sententiis
950 1167 1116 1243 omnibus,
1130 1166 1234 1229 irritae
1250 1166 1394 1231 venditi·

301 1267 409 1345 pnes,⁸
432 1267 533 1332 irritae
559 1267 844 1352 proscriptiones.¹¹
891 1266 979 1331 Num
1002 1268 1199 1333 restituisi⁹
1221 1268 1393 1333 defamari

302 1368 537 1452 Pergamenos,
551 1375 589 1433 ut
602 1369 651 1433 illi
665 1370 851 1451 reciperent
865 1367 898 1430 iu
912 1387 993 1433 snas
1009 1368 1124 1431 literas
1140 1369 1296 1450 publicas
1310 1388 1397 1451 prta·

301 1469 412 1535 claras
435 1470 698 1552 proscriptiones
719 1476 756 1533 et
776 1468 938 1535 emtionea
960 1478 1059 1533 tuost
1080 1469 1269 1551 repudiant,
1288 1471 1397 1552 rejioi·

302 1576 388 1633 unt!
424 1568 542 1652 Atqui
557 1570 775 1634 homiuesl¹⁰
819 1568 1022 1650 Pergameni,
1036 1568 1230 1632 laudatores
1246 1570 1305 1632 tui.
1343 1570 1397 1634 lto

302 1672 389 1735 enim
419 1672 499 1735 milri
530 1670 664 1753 gloriari
690 1672 786 1735 visus
814 1688 853 1734 ea
886 1668 1080 1735 laudatione
1110 1668 1397 1751 Pergamenorum,

302 1772 402 1854 quasi
416 1772 573 1837 honorem
588 1773 749 1856 majorum
759 1779 784 1810 ¹¹
800 1778 955 1836 tuorumt
968 1788 1087 1834 osseca
1101 1779 1272 1833 tuaeasest
1284 1778 1320 1833 et
1333 1771 1397 1833 hoo

303 1880 334 1935 te
349 1876 551 1956 superiorem
567 1876 713 1957 putabas
729 1892 819 1949 esse,
831 1892 932 1956 quarn
944 1871 1099 1949 Laelium,
1115 1871 1208 1954 quod
1222 1878 1258 1935 te
1274 1872 1397 1935 ciuitas

304 1972 507 2055 Pergamena
521 1974 680 2039 laudaret·
725 1974 818 2040 Num
831 1973 1001 2037 honestior
1022 1978 1074 2035 est
1086 1972 1208 2036 civitas
1222 1971 1398 2053 Pergame-

302 2093 355 2151 na,
368 2094 468 2157 quam
484 2074 645 2155 Smymal
659 2082 704 2123 ¹²⁸
716 2084 755 2139 at
770 2094 812 2138 ne
827 2074 894 2157 ipsi
906 2073 1041 2158 quidem
1053 2071 1178 2138 dieunt.
1202 2088 1323 2137 xxxr.
1338 2074 1400 2137 75.

334 2234 353 2259 ¹·
371 2226 565 2289 interponerem.

767 2305 948 2328 nonnemo

303 2394 361 2443 eorl.
374 2393 525 2444 Peirai-⁷
542 2396 774 2447 Ptolemoerotears.
799 2398 981 2447 Polemocratem
990 2414 1018 2460 χ.
1045 2398 1402 2461 retinemento-nemra

303 2460 394 2509 Larnlr.
407 2459 432 2506 in
445 2474 526 2520 marg.
542 2462 652 2507 odoratae
662 2466 698 2508 eat
708 2460 738 2509 C.
765 2467 789 2509 et
799 2460 988 2521 &fundatione
999 2462 1056 2510 eod.
1069 2462 1103 2511 Η.
1114 2463 1254 2525 Stepnaui5
1270 2467 1294 2513 et
1304 2463 1399 2523 Mna·

303 2525 399 2571 oetion
412 2524 543 2580 l'itlroeua;
559 2527 583 2571 et
599 2523 727 2580 defruude
741 2525 771 2571 od
789 2525 872 2572 Jooeaa
892 2526 947 2573 Pal.
960 2530 1032 2574 t.—e
1050 2526 1132 2575 codd.
1144 2528 1246 2589 qrridam
1265 2542 1308 2589 ap.
1320 2526 1401 2577 Grot.

302 2586 452 2635 annotante.
488 2586 561 2645 Mox,
571 2586 777 2647 perscripsimus
789 2588 819 2636 Ψ.
834 2590 1118 2651 proscriptionum.
1132 2591 1269 2641 Grau-⁹
1285 2591 1329 2640 lta
1338 2593 1400 2643 eod.

304 2648 422 2709 Gauron,
440 2648 532 2697 Franr.
544 2654 568 2696 2.
580 2649 654 2699 Barb.
668 2650 744 2703 S'l'c
757 2668 786 2713 χ,
803 2662 830 2700 et
842 2652 900 2700 edd.
913 2661 976 2700 retr.
1004 2654 1058 2702 Noa
1075 2656 1184 2704 rratitaia
1201 2654 1276 2703 eodo.
1291 2656 1400 2718 aliquot,

304 2712 406 2762 Manat.
421 2713 508 2760 Lamo.
520 2714 595 2761 Grut.
607 2714 695 2763 Graer.
728 2716 802 2775 Mox,
812 2717 929 2778 recipiant
941 2716 1023 2767 Book.
1036 2733 1110 2767 euno
1120 2719 1179 2767 eod.
1191 2721 1343 2768 oxea-to
1352 2721 1400 2772 Ar·

303 2790 347 2837 que
359 2776 462 2825 leminea
472 2791 518 2825 aar
535 2778 609 2825 corte.
621 2778 772 2828 oxea-rr
793 2780 917 2828 Nonnulli
935 2781 1010 2829 rouo.
1022 2796 1064 2845 ap·
1074 2782 1162 2832 Grav-
1171 2783 1290 2843 maiman.
1325 2784 1400 2843 lina,

303 2846 397 2887 arentur
413 2856 474 2889 raaea
493 2840 517 2890 H
535 2842 551 2888 S
569 2842 593 2889 'l'
611 2858 627 2895 t·
643 2857 671 2902 χ.
698 2856 748 2891 erae
763 2843 863 2904 petubas
882 2843 1040 2894 [ἢδη-12
1057 2846 1099 2895 lta
1119 2847 1177 2895 cod.
1196 2846 1231 2895 ll.
1247 2848 1340 2909 stapla.
1357 2850 1400 2897 ad.

304 2902 390 2952 Waltl.
403 2904 485 2953 Beck.
504 2905 605 2953 Solurtr.
618 2904 743 2969 Smpraoea
761 2906 863 2957 Caruer.
881 2908 969 2960 Lauro
987 2908 1101 2974 Hervag.
1119 2911 1201 2960 Orati.
1218 2918 1245 2960 at
1263 2912 1301 2961 alo
1319 2912 1400 2962 edera

802 3056 909 3109 ΝΟΜ.

337 3174 499 3223 'Groecoraaa
510 3176 612 3241 tegibus]
629 3176 690 3225 'l'aru
703 3177 832 3227 Rornano-
873 3186 949 3229 eatur
965 3195 1023 3231 asae
1043 3182 1148 3238 venalia,
1165 3192 1210 3233 aut
1230 3184 1318 3234 libello
1334 3185 1400 3245 pub·

306 3264 371 3310 rura,
388 3265 463 3312 qnam
486 3250 638 3301 Graecorum
662 3253 759 3313 tegibus
779 3266 833 3301 mu·
874 3257 924 3305 tica
942 3254 994 3308 tiro
1011 3259 1107 3323 aliquid
1128 3258 1242 3321 edicere,
1258 3268 1286 3311 et
1302 3260 1402 3311 denuo·

306 3327 381 3375 lierea
393 3327 418 3374 in
435 3335 565 3389 potestate
586 3334 699 3377 tutorum
718 3327 835 3391 fuerunt,
875 3332 950 3382 tiara.

306 3402 333 3449 ut
346 3402 455 3451 diutinus
466 3401 499 3450 de
512 3400 635 3453 Romania
651 3405 677 3451 in
695 3403 769 3454 Orat.
786 3418 834 3470 pru
906 3414 919 3439 ¹
937 3406 1071 3472 Rdiciaat]
1087 3410 1402 3464 PostulationaaDaeiaoi

305 3474 428 3528 Muraena.
875 3482 996 3545 rejiciunt
1020 3498 1109 3533 oranaa
1128 3488 1209 3536 atiaru
1236 3488 1405 3552 Pergameni,

337 3556 347 3583 ⁸
363 3549 500 3615 scripsisti]
517 3553 637 3601 Tutorem
654 3555 788 3615 arripuisse
803 3555 834 3603 il·
873 3571 981 3620 quoram
993 3557 1184 3610 laudationibus
1194 3565 1362 3624 gloriabatur.

306 3624 354 3673 lina
378 3626 534 3675 muliercula
561 3627 693 3677 Deoiaaua
715 3630 833 3678 Potamo-
905 3631 1052 3692 'Maiorem
1070 3635 1174 3698 taoraaa]
1194 3637 1302 3686 Deciani
1320 3639 1401 3701 majo·

306 3708 404 3748 etatem
416 3701 530 3750 dicabat.
873 3719 913 3753 rea
934 3707 982 3755 riri
1004 3708 1064 3758 boni
1084 3710 1110 3757 in
1127 3710 1175 3760 lrao
1194 3712 1301 3761 oiritate
1317 3713 1403 3763 habiti

283 3822 291 3835 ,
340 3776 348 3807 ⁸
364 3774 477 3837 Noniae]
495 3776 607 3839 Propter
623 3777 689 3827 trano
699 3778 780 3841 ipram
793 3786 833 3829 ta·
873 3791 943 3831 suot.

307 3848 385 3899 telam
399 3862 502 3901 roratur
515 3861 557 3901 eat
569 3853 594 3900 in
603 3851 731 3915 judicium
743 3853 776 3903 da
786 3853 834 3902 tlo-
907 3859 1005 3914 *ραι
1015 3858 1130 3924 Smyrna]
1142 3861 1223 3911 Ridet
1233 3861 1333 3925 laudea,
1342 3876 1403 3927 qa!

307 3926 332 3973 lo
346 3926 427 3974 mato:
446 3926 614 3976 detonantem
628 3927 707 3977 malua
723 3936 763 3977 eat
780 3944 833 3980 nra·
874 3941 928 3983 tum
939 3949 954 3983 a
966 3935 1144 3999 Pergamenia,
1158 3945 1212 3987 tuor
1230 3952 1247 3987 a
1262 3938 1406 4001 Smyraaia

306 3998 419 4049 autunto
431 4001 549 4065 quedam
564 4002 670 4053 alterius
686 4003 835 4067 deripiendi
875 4010 913 4058 itii
930 4011 1001 4062 data
1016 4023 1088 4077 aunt,
1102 4028 1161 4064 ou·
1176 4015 1282 4078 utrique
1297 4014 1404 4065 alatia-

307 4087 393 4123 eauaa.
875 4086 981 4137 aiaaimi.
1023 4090 1132 4152 smyrna
1157 4097 1245 4141 auteur
1266 4089 1329 4139 arira
1351 4089 1407 4141 fait

340 4153 351 4179 ¹
370 4148 451 4196 irrita
458 4153 652 4217 proscriptores]
666 4154 833 4205 Proscribera
874 4160 966 4210 Ionia.

306 4231 348 4273 eat
357 4222 470 4273 libellum
483 4224 597 4290 ailigere,
612 4243 662 4291 quo
673 4243 714 4279 rea
725 4245 833 4295 anguor-
