3234 4909
573 430 644 481 eno
669 430 823 490 runcoo,
847 432 930 484 can.
945 418 997 483 lo.
1231 416 1320 485 1493

226 570 368 639 exhibe:
388 592 453 639 non
477 574 679 639 denuntiavi.
723 573 827 651 Quod
851 582 955 657 ergo⁷
977 594 1061 639 nnus
1083 572 1319 660 Asclepiades,

225 674 360 745 fortuna
373 694 484 757 egens,
506 678 578 740 vita
600 675 717 758 turpis,
741 675 988 740 existimatione
1006 676 1194 751 damnatus,
1208 678 1317 759 impu·

228 777 341 840 dantia
371 786 472 858 atque
501 776 645 841 audacia
674 776 787 851 lietus,
819 775 892 839 siue
917 774 1056 851 tabulis,
1079 774 1153 839 sine
1180 786 1318 842 auctore

222 874 353 958 jecerit,
366 878 398 943 id
419 896 492 954 nos,
508 878 604 959 quasi
624 878 759 947 crimen,
775 882 835 941 aul
854 876 1084 940 testimonium
1103 876 1318 959 pertimesca-

220 978 326 1039 musl
349 978 403 1045 36.
419 977 515 1041 Idem
527 976 766 1052 laudationem,
782 996 884 1059 qnam
897 996 961 1040 nos
971 978 1018 1040 ab
1025 975 1319 1041 Acmonensibns⁸

232 1076 356 1143 Flacco
380 1078 493 1141 datam
517 1078 781 1160 proferebamus,
804 1078 926 1141 salsam
948 1097 1024 1141 esse
1045 1077 1195 1147 dicebatz
1218 1079 1317 1161 cujus

224 1178 359 1261 quidem
385 1178 591 1241 laudationis
609 1178 744 1261 jactura
767 1177 963 1259 exoptanda
987 1180 1083 1243 nobis
1100 1178 1170 1243 fnit.
1215 1178 1317 1256 Nam,

226 1286 264 1343 ut
279 1279 598 1360 signum'pnblicum
623 1280 793 1359 inspexit⁹
814 1278 997 1358 praeclarus
1019 1279 1085 1341 iste
1107 1283 1223 1343 auctor
1241 1298 1318 1353 suaa

219 1380 385 1455 civitatis,
400 1381 506 1444 solere
521 1400 600 1443 snos
614 1379 705 1443 cives
716 1386 913 1461 ceterosque
922 1378 1075 1458 Graecos,
1090 1398 1135 1442 ex
1146 1376 1318 1462 ternpore*

225 1480 318 1561 quod
334 1499 418 1562 opus
432 1483 489 1557 sit,
512 1482 686 1559 obsignare
700 1478 795 1544 dixit.
838 1480 890 1543 To
907 1499 986 1543 vero
1000 1481 1064 1544 tibi
1077 1480 1202 1544 habeto
1215 1482 1316 1544 istam

224 1580 467 1645 laudationem:
494 1602 558 1645 neo
573 1582 659 1644 enirn
674 1578 937 1644 Acmonensium
951 1581 1140 1645 testimonio
1150 1588 1176 1619 ¹⁰
1198 1580 1316 1645 Flacci

225 1681 343 1751 vitant
357 1681 501 1763 dignitas
516 1682 648 1747 nititur:
671 1680 759 1745 das*
780 1681 869 1744 enim
893 1680 982 1756 mibi,
1007 1680 1098 1764 quod
1118 1680 1191 1746 baec
1211 1700 1317 1747 causa

222 1782 370 1845 maxime
384 1785 544 1865 postulat,
565 1782 691 1847 nullam
706 1784 918 1863 gravitatem,
942 1781 1063 1844 nullam
1084 1782 1316 1860 constantiam,

222 1880 348 1945 nullum
364 1882 493 1946 firmum
506 1884 540 1945 in
556 1880 686 1947 Graecis
701 1882 891 1945 bominibus
907 1881 1095 1957 consilium,
1117 1881 1242 1944 nullam
1257 1882 1317 1945 de·

222 1981 323 2063 nique
346 2002 420 2047 esse
442 1984 624 2048 testimonii
647 1982 760 2046 fidem.
805 1982 885 2047 Nisi
901 2001 980 2045 vero
993 1981 1156 2045 hactenus
1169 1982 1239 2046 ista
1252 1981 1316 2045 for-

218 2082 315 2145 mule
326 2084 506 2147 testimonii
523 2090 623 2167 atqua
635 2084 795 2148 orationis
808 2088 877 2147 tore
887 2082 1034 2147 describi
1048 2102 1089 2146 ac
1101 2082 1278 2162 distingui⁶
1290 2088 1314 2121 ¹¹

219 2186 344 2261 potest,
367 2190 406 2245 nt
429 2182 553 2247 Flacco
569 2184 697 2248 absenti
713 2184 841 2268 aliquid
856 2184 1013 2247 civitates
1028 2182 1184 2247 tribuisse
1194 2182 1316 2248 'dicau-

223 2287 296 2360 tnr;
317 2280 425 2346 Laelio
441 2285 614 2365 praeseuti,
636 2302 696 2365 per
711 2302 748 2345 se
763 2284 885 2363 agenti,
907 2284 939 2347 ri
960 2280 1065 2363 legin,¹
1083 2282 1314 2365 jnreaccusa·

222 2380 332 2455 tionis,
349 2382 472 2463 opibus
489 2388 647 2465 praeterea
663 2381 736 2445 suis
751 2383 886 2445 terrenti
905 2401 946 2446 ac
961 2381 1111 2456 minanti,
1134 2382 1217 2446 nibil
1235 2396 1316 2449 tem·

222 2481 314 2563 poris
340 2482 468 2545 causa*
489 2483 664 2564 scripsisse
688 2489 748 2545 ant
773 2482 972 2563 obsignasse
998 2476 1207 2545 videantur.
1230 2497 1314 2547 xvr.

221 2576 277 2645 ³7.
296 2582 349 2665 [p.
365 2580 456 2662 lna]
476 2582 640 2667 Equidem
655 2585 689 2647 in
704 2583 849 2647 minimis
870 2584 973 2646 rebus
996 2601 1087 2664 saepe
1108 2602 1160 2647 res
1175 2602 1315 2666 magnas

212 2682 303 2759 ridi,
314 2682 462 2766 judices,
478 2684 679 2767 deprehendi
700 2702 740 2747 ao
763 2684 875 2756 teneri,
896 2692 933 2746 nt
956 2685 990 2745 in
1012 2682 1078 2746 boe
1100 2684 1314 2767 Asclepiade.

223 2780 324 2857 Haeo,
347 2802 424 2866 quaa
446 2790 520 2847 est¹
543 2803 565 2846 a
584 2784 679 2846 nobis
702 2780 838 2865 prolata
859 2782 1022 2860 laudatio,
1044 2785 1222 2866 obsignata
1243 2790 1315 2849 erat

254 2929 267 2963 ¹·
287 2930 410 2979 cuasa.
528 2926 547 2979 .¹
564 2928 698 2979 Dselnrnri.
828 2928 840 2963 ¹
857 2930 974 2981 Fortuita.

222 3160 355 3212 dentientes·
373 3160 400 3209 in
420 3160 510 3209 eodem
528 3157 586 3209 eod.
612 3158 814 3224 reprehendentur
833 3161 912 3210 etism
931 3158 957 3208 ln
973 3160 1060 3210 liet
1078 3162 1143 3217 Quid
1158 3166 1233 3224 ergo?
1246 3158 1274 3214 ri
1285 3166 1314 3215 S.

222 3227 288 3281 Quid
298 3240 341 3286 rgo
352 3242 380 3286 χ.
405 3224 479 3286 Mos,
487 3230 557 3287 atqua
568 3224 641 3273 deest
653 3226 678 3272 lo
689 3224 780 3273 eodem
792 3224 850 3273 eod.
876 3224 990 3286 Deinde,
1001 3226 1151 3287 projecerit,
1161 3228 1238 3276 codd.
1246 3228 1314 3280 Gra·

222 3290 319 3351 teri,et
331 3290 392 3338 edd.
413 3297 478 3337 vett.
495 3288 591 3338 babent
612 3288 707 3350 legerit.
742 3288 825 3337 Paulo
847 3296 917 3350 post,
932 3290 1153 3352 pert-exime
1171 3290 1198 3341 H
1215 3310 1233 3346 r·
1251 3309 1314 3352 x.-

220 3358 237 3402 Β
254 3352 462 3403 seri-oseaeuna
478 3351 509 3401 Τ.
536 3350 717 3404 AEmenensibss
733 3368 761 3411 χ.
786 3352 933 3405 discissis·
960 3355 1093 3415 expulsus
1110 3354 1131 3403 C
1147 3356 1177 3405 fl·
1201 3361 1315 3419 exoptata

220 3416 302 3467 ’Ἑν-9
318 3418 381 3467 Can
391 3417 488 3479 apesin
504 3432 521 3469 ς
531 3432 551 3477 χ
561 3415 666 3479 inspexi.
682 3417 772 3465 ‘Male
784 3416 809 3463 in
822 3417 949 3465 nonnuliis
965 3416 1025 3465 edd.
1045 3425 1104 3479 post
1121 3432 1153 3468 ec
1163 3423 1264 3483 tenpore
1276 3422 1313 3468 in·

222 3480 404 3541 tarpongitur.'
423 3480 528 3530 Ernesti.
562 3480 618 3543 quid
629 3479 717 3542 opusc
731 3480 756 3529 ll
769 3480 862 3529 S.-i⁰
879 3480 900 3529 (l
918 3480 936 3528 S
958 3482 1100 3531 lardatione.
1132 3482 1206 3542 Mox,
1224 3483 1314 3533 nullum

220 3545 375 3592 constantium
387 3542 479 3591 desunt
492 3544 516 3591 in
528 3560 555 3604 χ.
591 3542 690 3592 lleinde
701 3544 726 3591 in
739 3543 833 3595 eodem
847 3546 905 3592 eod.
917 3544 1012 3607 tegitur
1029 3546 1243 3596 testimoniis-ll
1262 3548 1313 3597 08

220 3607 333 3657 distribui
343 3612 413 3667 utque
423 3608 547 3667 distingui.
583 3606 656 3683 Mox,
668 3606 742 3656 [allo
751 3609 883 3669 prmertin
897 3608 932 3657 it.
951 3609 1163 3668 immanioris
1172 3625 1200 3672 χ.

252 3670 322 3720 Car.
341 3682 400 3719 xvi.
435 3674 446 3719 1
468 3670 510 3719 lta
519 3668 596 3719 codd.
610 3669 712 3727 l‘se'rni,
726 3672 850 3725 Lambini,
862 3672 955 3721 Fraus.
966 3677 987 3721 1.
999 3677 1024 3721 a.
1034 3672 1123 3721 (ineli.
1136 3672 1215 3722 llsrb.
1224 3672 1247 3721 C
1257 3672 1282 3721 li
1294 3674 1313 3723 Β

220 3750 236 3787 ι·
246 3750 274 3797 χ,
285 3742 313 3783 et
321 3733 379 3783 edd.
391 3741 456 3784 vett·
472 3735 591 3784 uideant
603 3734 696 3785 inedd.
705 3736 807 3785 Manui.
820 3739 892 3785 1540.
901 3736 1100 3801 Grypb.Stepb·
1109 3746 1136 3786 et
1145 3738 1179 3787 sl.
1189 3752 1271 3800 nsque
1279 3738 1313 3787 sd

714 3877 821 3929 NOTAE

252 3984 266 4020 ἱ
282 3984 322 4033 lis
333 3980 448 4046 tenpore]
475 3981 643 4046 Asclepiades
660 3982 747 4045 rejicit
786 3996 830 4031 rer
841 3980 928 4045 oll'ert,
940 3982 1097 4041 concedatur
1112 3998 1127 4033 ι
1141 3982 1241 4033 eiribns
1256 3986 1314 4037 sina

220 4062 351 4127 publicum
379 4058 447 4107 orbis
479 4072 533 4107 sna
564 4058 746 4117 testimoninm,
787 4058 839 4106 ulls
850 4064 951 4109 mntnrs
961 4057 1157 4108 deliberatione.

221 4134 290 4198 qnod
313 4134 434 4183 videlicet
457 4132 580 4195 ejusmodi
604 4131 745 4181 testimonii
820 4130 829 4167 ¹
846 4131 877 4187 Vi
885 4130 957 4194 agia]
974 4132 1068 4194 legem
1079 4132 1211 4198 dicineus
1221 4134 1269 4187 boa
1277 4136 1312 4187 de

221 4220 300 4273 genus
322 4208 490 4267 fortuitane
511 4206 598 4258 statim
618 4213 698 4270 atqua
717 4220 745 4256 re
787 4206 1015 4270 Flseeojndieinnr
1026 4210 1256 4261 maurataneae.
