3234 4909
536 438 606 485 uuo
631 436 805 495 nunnus,
830 438 911 485 ose.
934 423 988 485 31.
1225 422 1309 489 1441

215 582 433 648 moderates?
478 597 598 645 xxxi.
618 582 674 647 64.
696 582 774 645 Hos
795 581 839 644 ad
859 580 1086 663 magistrossi
1107 600 1172 664 que
1195 589 1227 645 te
1247 583 1310 649 sor-

216 691 306 762 tnoa,
321 682 422 761 Ceto,
438 703 514 748 cum
534 685 601 748 iste
620 689 739 747 nature
759 683 958 757 detulisset;
981 702 1046 748 uon
1061 690 1097 748 tu
1114 684 1248 766 quidem
1262 689 1313 752 vir

217 785 334 849 melior
359 792 476 859 esses,¹
504 803 564 849 nee
589 784 717 857 tortior,
741 803 803 847 uec
829 778 1073 867 temperantio'r,
1099 804 1162 849 uec
1182 785 1312 869 justior,

218 886 448 969 (nequeenim
471 904 548 949 esse
574 887 684 969 potes)
704 885 762 948 sed
784 887 884 968 punlo
915 885 958 949 ed
981 886 1148 952 lenitatem
1171 905 1313 970 propen-

220 986 308 1051 sior:
336 1006 401 1049 uou
423 1005 611 1062 accusares,
625 986 727 1050 nullis
751 984 918 1051 adductus
940 987 1135 1061 inimicitiis,
1156 989 1246 1052 uuile
1266 989 1314 1054 le-

221 1088 364 1151 ocssitos
386 1088 516 1172 injurie,
539 1087 839 1170 pudentissimum²
862 1088 1038 1165 homiuem,
1060 1109 1192 1155 summe
1213 1090 1318 1173 digui-

220 1193 290 1251 tete
313 1194 412 1271 utque
432 1188 607 1253 honestate
629 1190 822 1273 praeditum:
846 1199 1091 1273 putares,·cum
1113 1192 1147 1256 iu
1167 1192 1317 1275 ejusdem

221 1290 299 1353 enni
326 1289 503 1354 custodieq
527 1296 559 1355 te
584 1297 685 1374 utque
710 1291 750 1355 L.
774 1292 949 1357 Murenam
973 1292 1108 1357 fortuna
1131 1293 1318 1376 posuisset,

222 1389 337 1472 aliquo
362 1399 494 1455 tecum
519 1392 586 1455 hoc
609 1392 801 1475 reipublicae
825 1394 958 1458 vinculo
983 1412 1071 1457 esse·
1088 1395 1319 1477 conjunctum

222 1493 313 1573 quod
338 1493 496 1558 atrociter
520 1494 553 1557 iu
579 1497 694 1557 senatu
720 1492 862 1570 dixisti‚¹
888 1501 947 1557 ant
972 1513 1036 1557 nou
1062 1494 1233 1573 dixisses,³
1261 1506 1321 1561 ant

223 1595 446 1675 seposuisses,
468 1604 529 1659 ant
554 1596 715 1660 mitiorem
738 1596 771 1657 in
798 1602 926 1678 partem
950 1596 1218 1678 interpretatore.
1263 1600 1317 1663 65.

224 1691 278 1759 Ac
290 1702 324 1759 te
337 1697 448 1778 ipsum
461 1696 638 1780 (qnantum
653 1715 715 1778 ego
731 1696 884 1779 opinione
900 1700 1055 1778 auguror)
1069 1714 1157 1761 nuno
1173 1702 1206 1761 et
1220 1700 1322 1763 enimi

224 1796 370 1878 quodem
385 1798 511 1880 impetu
527 1797 742 1873 concitatum,
758 1802 791 1860 ot
805 1798 840 1860 vi
856 1804 984 1861 ueturoe
1001 1806 1103 1880 atque
1119 1798 1238 1879 ingenii
1254 1798 1320 1862 eie·

226 1904 323 1973 tom,4
340 1906 374 1961 et
389 1898 580 1962 recentibus
599 1904 841 1982 proeceptornm
862 1897 1002 1961 studiis·
1026 1899 1218 1979 flagrantem
1238 1899 1323 1981 pem,

226 2017 311 2062 usus
333 1998 453 2076 flectet,
468 2000 542 2063 dies
564 2000 676 2077 leniet,
692 2006 777 2064 aetas
799 1998 977 2080 mitigabit.
1021 1998 1153 2062 Etenim
1176 2000 1233 2062 isti
1255 2000 1323 2081 ipsi

227 2100 308 2163 mibi
329 2100 478 2166 videatur
497 2101 599 2164 vestri
621 2108 843 2183 praeceptores
867 2112 900 2164 et
915 2100 1047 2163 virtutis
1065 2100 1224 2182 magistri,
1241 2102 1324 2165 fines

229 2200 432 2264 officiorum‘
454 2202 557 2283 paulo
579 2202 719 2282 lougius,
735 2222 835 2283 qoem
860 2210 977 2266 natura
995 2202 1111 2277 uellet,
1127 2200 1322 2285 protulisse;

228 2308 276 2376 ut,
289 2320 365 2364 enm
381 2301 424 2364 ad
438 2302 615 2365 ultimumu
631 2302 742 2363 auimo
757 2301 1055 2376 contendissemus,
1073 2303 1117 2365 ibi
1134 2311 1254 2377 tamen,
1268 2304 1326 2364 ubi

229 2407 421 2484 oporteret,⁵
437 2404 706 2467 consisteremus.
739 2400 835 2465 Nihil
849 2402 1037 2483 ignoveris:
1072 2404 1174 2466 immo
1188 2402 1341 2490 aliquid„

687 2554 837 2577 ”nomn
840 2556 867 2575 Ν

263 2641 330 2688 Cur.
343 2652 428 2690 xxxi.
462 2646 475 2691 1
495 2642 559 2691 Cod.
571 2660 590 2703 χ
601 2639 669 2692 emt.
702 2642 776 2701 Mox,
791 2654 834 2690 uec
846 2640 997 2703 temperatior
1008 2642 1029 2689 C
1041 2638 1068 2689 H
1081 2640 1099 2687 S
1117 2640 1147 2688 T.
1163 2640 1328 2702 requejurtior

233 2704 263 2752 C.
287 2706 351 2753 erim
361 2706 435 2754 deest
445 2705 471 2754 iu
481 2711 558 2767 χ.-Ἇ
570 2706 634 2755 cod.
645 2706 888 2769 ppreuemioeiaum.
923 2706 995 2760 Mor,
1005 2720 1058 2753 cum
1068 2706 1094 2752 iri
1105 2704 1216 2763 mercedi
1227 2722 1255 2766 χ.
1272 2706 1329 2753 unni

232 2770 360 2817 custodium
372 2778 426 2818 ret.
437 2771 495 2819 cod.
507 2786 549 2833 ap.
567 2772 656 2819 Lumb.
669 2771 794 2830 fortunam
803 2786 831 2831 χ.
851 2770 954 2827 fortune
968 2770 1080 2831 potuisset
1092 2772 1166 2830 pet
1185 2769 1210 2817 H
1222 2774 1263 2817 out
1274 2772 1330 2818 dix-

232 2834 299 2880 isses.
333 2834 406 2892 titos,
416 2835 504 2883 bamb.
516 2850 531 2885 e
542 2836 689 2898 conjectura
704 2834 862 2882 Hotomsrrni
876 2833 955 2883 Obrs.
966 2846 996 2880 rr.
1006 2836 1044 2881 12.
1054 2832 1145 2893 edidit,
1162 2835 1212 2888 aut,
1224 2836 1245 2881 ri
1260 2839 1329 2895 potu·

232 2898 300 2956 isus,
312 2896 445 2947 mitiorem:
461 2912 518 2947 com
531 2908 633 2947 secutur
645 2906 685 2948 eet
695 2896 840 2947 Merouiiie.
864 2896 975 2958 Deinde,
984 2896 1171 2959 interpreture'l'
1179 2901 1253 2956 χ.-4
1266 2897 1330 2945 Cod.
1363 2940 1369 2951 ,

234 2976 254 3020 χ
265 2965 288 3008 et
300 2960 326 3007 in
336 2966 387 3010 aut.
399 2977 422 3009 u.
433 2962 452 3011 i.
463 2960 564 3012 dutum*
585 2963 659 3021 Mor,
678 2976 733 3011 urus
752 2961 875 3023 mitigabit
885 2968 959 3024 x.-d
978 2961 1022 3009 Ite
1034 2960 1122 3009 Gneif.
1136 2960 1211 3009 Rom.
1221 2962 1330 3009 Veneti.

729 3066 838 3117 NOTAE

235 3169 239 3177 ’
274 3174 533 3224 rMeuieen'tateem
543 3172 687 3237 moderatae]
704 3172 763 3220 Vir·
805 3170 852 3219 bru
870 3182 959 3218 recem
972 3168 1083 3218 imbutos
1100 3174 1233 3234 oretque
1246 3166 1332 3225 facite,

238 3256 279 3298 tur
301 3251 338 3298 itu
356 3252 381 3298 iu
403 3251 584 3300 mediocritate
600 3251 650 3298 rite
668 3256 717 3310 est,
735 3256 764 3297 ot
804 3261 862 3295 cum
876 3246 998 3294 maturior
1011 3246 1060 3294 erit
1073 3253 1147 3306 utus,
1159 3245 1279 3305 corriget.

238 3326 260 3373 ei
283 3326 344 3389 quid
369 3326 444 3374 nimis
469 3326 589 3389 excedet,
615 3326 696 3373 virtus
713 3337 764 3372 uon
837 3324 845 3356 ²
862 3322 933 3372 Fines
944 3322 1081 3387 ‹micio-um]
1097 3321 1174 3370 Fines
1190 3318 1331 3370 officiorum

239 3401 283 3449 rit.
806 3396 929 3447 dicuutur
952 3413 983 3446 ea
1005 3412 1062 3461 ques
1085 3402 1201 3446 extrema
1223 3404 1283 3445 sunt
1305 3402 1333 3444 et

271 3483 283 3517 t
301 3476 361 3524 Cum
371 3476 398 3524 ia
408 3476 511 3535 derdere
521 3477 578 3524 euni
586 3474 706 3537 custodie]
717 3476 765 3523 Eo·
806 3476 897 3523 ultima
906 3476 931 3524 io
941 3489 1074 3539 quoquere
1084 3489 1129 3524 een
1137 3474 1241 3535 uirtute,
1251 3474 1334 3520 truns-¹

240 3550 298 3599 dem
320 3564 386 3599 suno
404 3551 521 3599 tribunus
543 3551 627 3613 piebis
646 3552 724 3609 Ceto,
739 3557 768 3598 et
807 3552 904 3600 irtioue
926 3560 1011 3600 sumto
1033 3566 1048 3599 e
1069 3549 1184 3599 terminia
1206 3552 1334 3613 agrorum,

241 3626 353 3673 Morene
373 3626 462 3673 consui
484 3625 610 3687 designati
629 3634 699 3686 suut,
724 3624 768 3673 iir-
808 3635 854 3676 aut
869 3629 1010 3689 regionum,
1030 3628 1121 3690 quibus
1133 3626 1232 3691 iliorum
1250 3625 1336 3686 apetie

242 3716 292 3765 que
304 3700 369 3763 reip.
382 3714 444 3748 cura
456 3701 591 3748 commisse
601 3707 649 3747 est.
811 3703 987 3752 terminentur.
1015 3702 1051 3750 Ar
1064 3702 1099 3750 iiii
1110 3701 1189 3749 Stoici
1202 3700 1265 3747 tineo
1277 3714 1334 3761 gra·

274 3786 284 3811 ¹
300 3776 422 3827 Atrociter
437 3776 462 3823 in
476 3782 560 3825 mete
574 3774 673 3838 dixisti]
688 3775 768 3824 Dixe·
810 3782 864 3841 tiu,
882 3778 1074 3838 misericordiae,
1092 3778 1248 3839 etemeutiae,
1266 3778 1336 3825 oete·

243 3859 284 3902 ret
304 3854 369 3902 Ceto
392 3852 419 3900 iu
435 3859 527 3906 senatu
545 3866 573 3898 re
590 3864 769 3915 quemcunque
811 3866 947 3918 rerumque
958 3854 1083 3903 virtutum
1094 3867 1143 3902 nou
1162 3861 1260 3902 tantum
1278 3868 1335 3915 pro·

243 3928 408 3978 candidatum
424 3927 570 3976 consolatus
583 3936 731 3975 vocaturum
743 3926 769 3974 iu
810 3928 935 3991 tulerunt,
947 3928 992 3976 red
1012 3928 1089 3976 etiem
1102 3928 1140 3976 ite
1157 3930 1337 3991 praetergressi

239 4006 376 4069 judicium,
386 4004 408 4053 si
419 4004 504 4068 eliqua
515 4004 541 4051 iu
554 4016 585 4051 eo
596 4002 707 4067 euspicio
719 4016 770 4050 eur·
812 4012 882 4066 sont,
890 4010 919 4053 ut
938 4004 1072 4053 sustulisse
1084 4000 1183 4052 omnem
1195 4002 1339 4053 bumenite·

246 4082 314 4131 bitus
326 4080 461 4131 resideret.
813 4089 864 4130 tem
877 4080 1020 4132 videantur.

278 4168 288 4194 ⁸
313 4158 465 4209 Recentitm'
478 4161 648 4221 preceptorum
673 4154 772 4217 studiis]
845 4164 857 4191 ⁸
871 4153 1338 4220 vr‚euaauetrimeu]1uen,qmm·

247 4234 362 4284 Exeomr
380 4235 504 4285 &teneor
521 4248 537 4283 e
555 4232 704 4298 praesopus,
719 4232 775 4297 qni·
816 4232 854 4283 rie
866 4232 898 4284 ed
911 4232 1028 4284 uitiorum
1041 4228 1181 4282 officiorum
1191 4228 1269 4279 finem
1282 4244 1338 4291 per·

314 4314 400 4376 Deipb.
412 4322 435 4364 et
447 4314 505 4365 Ver.
516 4316 581 4366 (itur.
745 4313 837 4365 Cicero.
1192 4308 1240 4365 tt
1252 4310 1276 4365 Y
