3234 4909
562 427 634 474 rao
658 424 833 483 unauna,
857 426 939 473 oar.
957 408 990 474 Β.
1234 412 1319 477 1397

231 589 317 636 arus
338 569 429 633 nulla
450 567 571 633 illustri
591 567 690 631 lande
712 566 912 634 celebratus.
957 567 1076 651 Itaque
1098 588 1163 633 nou
1185 590 1226 635 ex
1251 590 1320 635 sor-

232 690 329 736 mone
351 672 517 735 bominum
540 670 672 746 recenti,
694 668 752 732 sed
774 687 819 731 ex
843 669 1011 736 annalium
1035 676 1223 735 vetustate·
1247 691 1318 737 eru·

231 775 319 837 enda
342 781 395 835 est
409 771 565 835 memoria
580 768 765 833 nobilitatis
779 768 874 835 tuae.⁸
918 768 1030 846 Quare
1052 790 1113 853 ego
1137 779 1169 834 te
1191 793 1321 856 semper

232 875 266 937 in
290 879 438 938 nostrum
460 891 629 936 numerum
649 890 826 955 aggregare
845 870 952 946 soleo,
968 871 1056 955 quod
1078 873 1196 939 virtulo
1211 864 1319 937 indus·

233 977 362 1058 triaque
392 974 571 1056 perfecisti,
597 980 643 1044 ut,
669 993 745 1037 curn
772 973 894 1056 equitis
924 972 1070 1038 Romani
1099 992 1194 1037 ossas
1218 974 1320 1052 filius,

232 1094 365 1139 summa
394 1082 504 1139 tarum
531 1072 775 1157 οιοοὶίῑοάἰοοο
804 1074 926 1155 dignus
954 1083 1125 1156 putarem:
1154 1092 1217 1137 noo
1243 1076 1323 1139 mibi

232 1196 378 1259 unquam
405 1175 513 1238 minna
536 1176 571 1237 iu
598 1174 641 1252 Q.
666 1172 857 1258 Pompeio,¹²
883 1194 972 1237 noro
997 1175 1138 1252 bomine,
1158 1182 1192 1238 et
1215 1175 1322 1241 sortis-

233 1277 319 1339 simo
342 1277 426 1351 viro,
449 1274 604 1339 virtutis⁹
625 1294 701 1338 essa
725 1276 831 1339 visum
856 1281 917 1351 est,
934 1294 1034 1356 quam
1057 1277 1091 1339 in
1114 1277 1244 1341 bomine
1265 1298 1323 1341 no·

232 1378 408 1453 bilissimo,
430 1376 480 1439 M.
501 1372 659 1439 AEmilio.¹
701 1374 830 1439 Etenim
851 1374 1000 1458 ejusdem
1025 1378 1126 1440 animi
1149 1386 1252 1459 atquo
1275 1380 1322 1441 in·

231 1479 319 1559 genii
334 1486 396 1553 est,
412 1478 555 1560 posteris
570 1477 653 1551 suis,
668 1475 758 1558 quod
774 1475 958 1558 Pompeius
971 1477 1063 1553 seuit,
1075 1478 1322 1559 amplitudinem

232 1579 387 1655 nominis,
402 1598 500 1662 quam
517 1596 582 1641 nou
599 1577 779 1658 acceperit,
793 1576 940 1656 tradere;
967 1586 1012 1655 et,
1029 1586 1066 1641 ut
1080 1576 1239 1655 Scaurus,
1255 1598 1323 1643 me·

232 1682 368 1744 moriam
384 1699 490 1762 prope
503 1680 747 1743 intermortuam
758 1686 784 1715 ¹⁰
798 1679 926 1759 generis
942 1682 1006 1756 sui,
1021 1680 1143 1743 virtuts
1157 1698 1325 1743 renovare.

235 1796 317 1843 vsrr.
334 1782 386 1848 17.
401 1779 601 1863 Quanquam
610 1778 751 1861 egoJ'am
761 1779 945 1862 'putabam'
957 1777 1101 1864 judices,
1116 1779 1229 1844 multis
1246 1782 1324 1845 viris

233 1879 375 1945 fortibus
394 1900 436 1944 ne
460 1881 647 1963 ignobilitas
669 1877 863 1961 objiceretur
880 1882 1015 1961 generis,
1030 1900 1104 1945 meo
1118 1879 1232 1945 labore
1249 1902 1325 1947 esso

233 1983 439 2065 perfeetum
461 1981 531 2065 qui,
545 2000 610 2047 nou
624 1979 726 2043 morlo
742 1977 876 2056 Curiis}
898 1978 1107 2059 Catonibus‚¹
1127 1982 1324 2066 Pompeiis,²

264 2122 274 2145 ⁶
291 2116 428 2163 Consulens.

697 2188 866 2210 NWOO

234 2280 363 2330 indicata!
383 2282 455 2331 Brols.
490 2281 572 2330 Paulo
592 2279 843 2341 post,srllpisesssauns
854 2286 929 2340 χρτ
946 2280 1011 2329 cod.
1022 2280 1220 2344 xersem-8
1236 2282 1326 2331 Larnb.

234 2346 345 2393 sssesnoria
354 2350 390 2394 est
399 2361 424 2394 ss.
435 2352 483 2393 tuo
490 2360 500 2401 ,·
515 2347 579 2407 prat
590 2344 701 2392 messoria
710 2345 836 2393 mutetis
848 2348 953 2392 tam-⁹
971 2344 1035 2395 cm.
1050 2345 1228 2406 xenon-lu
1250 2348 1271 2397 C
1288 2348 1326 2396 s'ss·

234 2415 383 2458 tersaortssa.
418 2409 552 2464 Actutum,
561 2407 658 2469 granis
667 2406 741 2456 deest
753 2408 779 2455 in
789 2423 817 2468 χ.

268 2473 337 2523 Car.
349 2486 412 2522 vrrs.
448 2478 459 2521 ι
479 2472 671 2536 staqasssego
683 2470 796 2534 massa
807 2470 878 2522 Olis.
897 2485 946 2521 neo
963 2478 1050 2521 tamen
1070 2470 1155 2522 Oxou.
1175 2473 1326 2524 varietatoss

234 2542 367 2587 sorau-l
382 2537 469 2601 Appiis
485 2537 536 2601 legi
548 2536 628 2600 jabet
645 2536 744 2586 bisunt.
764 2544 794 2585 ut
806 2536 909 2601 Appius
921 2536 1053 2601 Claudius,
1070 2537 1141 2601 qula
1159 2537 1260 2589 Sabinis
1273 2538 1326 2589 Ro·

727 2673 834 2723 NOTAE

234 2788 309 2850 biles,
331 2788 375 2849 qni
396 2802 411 2835 a
430 2786 593 2837 senatoribus
613 2802 630 2837 a
651 2787 761 2837 Romulo
801 2786 911 2837 seribits
929 2787 1108 2839 ‘ll-Scaurus
1128 2789 1165 2838 lta
1183 2787 1234 2839 fata
1246 2791 1326 2854 patri-

234 2862 381 2911 eonstituris
393 2862 495 2911 oriundi
507 2869 574 2911 sunt.
801 2862 866 2917 ains.
878 2869 906 2911 ut
919 2862 1000 2911 tribus
1019 2878 1099 2928 snpra
1115 2865 1236 2915 alaribus
1251 2866 1325 2928 jacu-

267 2946 280 2979 a
293 2938 334 2985 Ex
344 2938 465 2987 mna·
474 2936 602 2999 sstssme]
622 2935 761 2985 caereus
801 2938 852 2985 erit
868 2935 958 2986 domus
971 2938 1024 3001 sjus
1036 2938 1155 3000 fortunar
1172 2952 1230 2987 uam
1243 2953 1326 3004 neque

235 3013 304 3062 clar.
325 3013 400 3063 Orat.
424 3027 491 3062 anuo
513 3012 615 3061 decimo
637 3018 696 3075 post
715 3024 760 3061 ea·
802 3023 1062 3078 pater,naqueasas,
1080 3028 1164 3079 nsque
1176 3015 1254 3063 etiarn
1267 3030 1325 3077 pro·

235 3100 307 3140 aeros
323 3104 396 3152 reges
418 3089 475 3139 Ser.
494 3089 636 3153 Sulpicium
648 3103 706 3137 cuns
722 3088 762 3139 Μ.
799 3102 872 3144 arus,
892 3096 921 3138 nt
940 3096 1012 3152 puto,
1028 3089 1135 3153 propter
1153 3097 1243 3138 tenuas
1254 3105 1328 3152 opes,

234 3166 322 3214 Tullio
333 3166 462 3214 consulens
477 3162 556 3214 fuisse
573 3165 674 3226 scribit,
684 3166 760 3214 adeo·
800 3174 827 3213 sr
845 3166 939 3213 nnllam
963 3165 1023 3213 sila
1042 3166 1202 3228 industriam,
1219 3167 1327 3216 bonores

236 3257 285 3306 qne
295 3236 466 3305 Sulpiciorum
476 3239 573 3291 familia
584 3240 761 3305 antiquissima
801 3241 889 3304 adepti
900 3250 968 3291 suut.
991 3240 1085 3306 ltaque
1098 3242 1134 3291 M.
1144 3242 1240 3293 Scauro
1254 3259 1326 3307 osque

235 3318 301 3366 fuit:
320 3318 422 3367 sirlstnr
440 3316 651 3367 autemiudiaare
670 3316 760 3367 Cicero
801 3331 919 3368 sonoro
945 3319 1040 3368 bomini
1062 3318 1230 3370 laborandum
1258 3320 1328 3371 fair!

235 3394 268 3442 ab
281 3394 323 3442 illo
336 3403 453 3455 tempore
464 3394 590 3441 neminem
603 3407 634 3442 ex
646 3394 689 3443 illa
703 3394 760 3443 Sul·
801 3393 893 3444 Cicero
918 3408 964 3458 pro
987 3394 1122 3458 Deiotaro,
1142 3396 1181 3445 bl.
1203 3397 1326 3448 Scaurum

235 3472 359 3535 piciorurn
377 3469 477 3517 familia
495 3470 570 3518 rebus
593 3472 673 3535 gestis
692 3470 762 3519 illus·
802 3471 944 3533 prinoipem
957 3470 1070 3520 elsinas
1081 3472 1206 3535 appellat.

236 3553 300 3595 tram
314 3546 441 3594 extitisse·
834 3544 846 3579 Ι
865 3546 957 3611 Carnis]
975 3548 1014 3596 Μ.
1033 3547 1127 3598 Curius
1142 3547 1271 3598 Dentatus
1288 3556 1327 3598 ter

266 3621 278 3655 ἱ
294 3622 325 3671 lss
338 3621 428 3676 Quinto
441 3620 566 3685 Posspeis]
578 3622 612 3673 Q.
624 3621 763 3685 Pompeius
801 3622 978 3686 triurnpbasit,
989 3624 1098 3685 primurn
1110 3621 1143 3672 da
1160 3624 1326 3676 Samnitibus,

234 3712 292 3748 onur
312 3697 343 3745 L.
363 3695 484 3744 Cornelio
505 3694 574 3744 Sulla
596 3695 684 3744 oonsal
704 3693 763 3761 fuit,
803 3694 898 3747 deinde
910 3696 941 3745 tle
953 3696 1065 3759 Sabinis,
1076 3704 1205 3760 postremo
1216 3697 1249 3747 de
1259 3698 1326 3761 Pyr·

235 3787 302 3824 anno
320 3773 354 3821 ab
370 3770 433 3819 urbe
445 3769 549 3818 condita
561 3774 618 3819 ouo.
633 3778 661 3819 et
679 3771 762 3819 altero
803 3773 859 3821 rbo.

237 3858 295 3917 post
314 3850 476 3901 consolatum
489 3860 566 3907 anno,
585 3862 644 3897 earm
662 3847 763 3897 Italicis
835 3844 842 3879 ¹
860 3844 1000 3908 Catonibus]
1015 3845 1053 3894 ll.
1064 3844 1173 3893 Porcius
1191 3846 1267 3905 Cato,
1288 3860 1327 3895 re·

236 3927 318 3990 copiis
330 3923 469 3986 pralecrns
481 3930 559 3978 esset,
577 3922 637 3971 odio
655 3930 683 3971 et
698 3923 762 3972 iusi·
802 3918 904 3970 ferente
916 3920 1067 3981 Plutarcho,
1084 3934 1113 3969 se
1132 3920 1235 3985 qnidam
1247 3921 1328 3971 borni·

236 4002 278 4050 slia
290 3998 443 4049 interiectus
455 4004 504 4047 est.
803 4010 860 4046 nem
873 4010 975 4054 aarum,
991 4012 1041 4062 qno
1053 3996 1085 4047 orl
1096 3997 1206 4046 bonores
1222 4006 1249 4048 et
1261 4000 1328 4047 osti-

266 4077 327 4126 1Μ.
340 4074 451 4138 AEnilio]
469 4074 506 4125 bl.
519 4073 633 4123 AEurilins
650 4074 762 4124 Scaurus
802 4072 940 4123 arationem
968 4072 1111 4134 attineret3
1137 4071 1213 4121 rebus
1241 4084 1326 4126 antem

236 4152 325 4199 bamili
337 4152 426 4199 straet
441 4163 536 4213 gerere
552 4147 584 4198 sd
596 4163 706 4198 summos
717 4148 762 4198 bo·
802 4149 893 4215 gestis,
910 4154 937 4197 at
956 4150 1078 4213 majorum
1092 4148 1197 4214 virtute,
1216 4154 1328 4215 perauri-

237 4239 313 4275 sores
325 4228 409 4277 alatus
420 4235 469 4281 est,
478 4225 512 4275 de
524 4240 575 4291 quo
587 4227 625 4275 ita
637 4224 762 4275 Asconius
803 4240 882 4292 quum
895 4225 1007 4275 dicebat.
