3234 4909
321 406 406 471 124ss
664 418 703 463 ur.
727 417 896 466 nunnius
918 416 1055 464 cresso

317 561 523 634 mortalibus,
543 574 682 642 quorum
703 577 768 640 ope
789 566 824 621 et
845 558 975 621 auxilio
994 558 1096 621 multo
1118 559 1222 639 magis
1242 559 1315 623 baec
1334 579 1405 623 res·

318 662 468 745 publiea,
480 678 581 742 quam
602 659 726 722 ratione
741 658 912 722 homiuum
926 666 962 722 et
975 658 1114 723 consilio
1127 662 1332 741 pubematur,
1346 679 1404 742 pa·

317 780 389 827 uem
415 778 457 824 ee
481 761 633 823 teuiam⁰
662 764 760 840 peto:
793 777 979 841 precorque
1001 760 1045 821 ab
1069 760 1124 834 iis,
1151 769 1188 824 ut
1212 760 1404 824 hodiernum

318 864 417 934 diem,
437 864 473 924 et
495 860 537 924 ad
556 860 659 942 hujus
681 860 820 921 salutem
842 860 1115 937 conservandam,
1132 867 1164 923 et
1186 861 1228 924 ad
1251 863 1403 943 rempub·
1477 885 1485 897 ·

316 964 415 1029 linum
442 958 736 1033 constituendam
761 959 916 1023 illuxisse
941 960 1120 1041 patientur.
1177 961 1304 1025 Deinde
1330 982 1402 1038 vos,

318 1062 479 1143 Quirites,
494 1080 632 1144 quorum
656 1064 806 1141 potestas
829 1060 1001 1141 proxime³
1020 1060 1062 1123 ad
1079 1060 1224 1124 Deorum
1238 1063 1404 1127 immorta-

315 1165 395 1228 lium
412 1181 530 1225 uumeu
546 1158 701 1235 accedit}
714 1177 774 1222 uro
790 1166 890 1242 etque
904 1162 1056 1233 obsecro,
1068 1162 1224 1242 quoniam
1240 1181 1308 1224 uuo
1323 1170 1402 1228 tem·

316 1282 397 1347 pore
420 1264 488 1326 vita
510 1260 548 1324 C.
565 1260 705 1327 Rabirii.
721 1260 866 1323 hominis
887 1261 1061 1324 miserrimi
1082 1268 1182 1344 etque
1201 1264 1401 1341 innocentis·

316 1364 405 1440 simi,
429 1370 488 1426 et4
513 1363 605 1426 salus
627 1361 832 1442 reipublicae,
856 1364 973 1425 vestris
996 1363 1148 1425 manibus
1171 1362 1402 1446 suffragiisque

316 1464 542 1547 permittitur:
563 1462 750 1525 adhibentis
769 1462 802 1522 iu
818 1462 958 1523 bominis
971 1460 1114 1524 fortunis
1129 1463 1400 1543 misericordiam,

314 1566 348 1627 iu
363 1562 556 1645 reipublice
572 1562 678 1623 salute
694 1561 904 1640 sapientiam,
919 1580 1018 1644 quam
1034 1562 1159 1627 soletis.

358 1664 390 1728 6.
414 1662 527 1739 Nune,
556 1662 721 1743 quoniam,
748 1658 789 1722 Τ.
815 1658 988 1737 Labiene,f
1007 1662 1187 1742 diligentias
1209 1682 1293 1727 meae
1319 1670 1399 1727 t'etn·

314 1765 426 1846 poris⁵
450 1762 610 1844 augustiis
625 1760 794 1836 obstitisti,
820 1780 937 1843 meque
956 1782 998 1825 ex
1021 1772 1213 1845 comparato
1228 1772 1261 1827 et
1275 1766 1399 1828 eonsti-

313 1870 387 1927 tutn
402 1843 515 1944 spatio
531 1860 744 1938 detensionis,
758 1862 792 1924 iu
809 1861 983 1925 semihorae
997 1862 1221 1926 curriculum⁶
1246 1864 1400 1946 coegisti,

313 1966 495 2047 parebitur,
522 1968 565 2038 et,
588 1961 678 2044 quod
704 1962 943 2043 iniquissimum
968 1968 1028 2035 eut,
1054 1966 1260 2027 accusatoris
1288 1967 1398 2029 nondi-

312 2066 409 2143 tioui,
424 2072 470 2139 et,
486 2064 574 2147 quod
590 2063 818 2139 miserrimum,
838 2063 963 2125 inimici
980 2064 1151 2145 potestati.
1197 2063 1398 2147 Quanquam

312 2166 346 2227 in
370 2164 433 2229 buo
460 2164 751 2247 prescriptionem
781 2164 979 2225 semihorae¹
1006 2165 1158 2245 patroni*
1185 2166 1264 2230 mibi
1286 2174 1399 2246 partes

312 2264 486 2351 reliquisti,
513 2265 662 2329 consulis
687 2264 857 2343 ademisti;
891 2274 1077 2347 propterea,
1105 2264 1192 2348 quod
1216 2265 1259 2329 ad
1285 2265 1399 2329 delen·

340 2429 357 2472 s
368 2430 547 2480 Stabilitstluta.
673 2437 688 2471 ¹
704 2429 859 2493 optatum.
988 2428 1002 2461 ¹·
1017 2430 1163 2488 Mentoris.

311 2678 359 2725 -2
375 2674 405 2723 lu
417 2672 473 2723 cll
485 2674 503 2723 S
513 2688 533 2735 χ
543 2674 691 2735 quideme-³
708 2674 798 2724 Fratre.
808 2676 966 2725 maxima—t
979 2674 1075 2725 Omnes
1083 2676 1142 2725 edd.
1150 2684 1245 2738 prater
1253 2678 1326 2727 Juut.
1335 2678 1396 2725 Ero.

311 2738 393 2788 Beck.
404 2738 508 2786 Scituta.
520 2752 543 2785 et
558 2738 640 2786 Orell.
653 2740 774 2788 utnittuut
787 2742 904 2799 copulam
917 2750 976 2788 ante
987 2742 1057 2788 salua
1083 2741 1214 2790 Praeterea
1223 2742 1284 2789 Ertr.
1294 2742 1397 2789 volebat

311 2808 333 2851 st
346 2802 395 2849 nitu
406 2808 428 2849 et
437 2804 555 2849 sulus—5
573 2800 748 2865 Ctsmporibua.
782 2804 877 2852 Mottin
889 2820 908 2864 χ
918 2806 991 2853 deest
1004 2807 1096 2866 ropula
1107 2806 1358 2854 antecessurae-u
1373 2806 1396 2853 ‘l'

310 2866 378 2915 sttuit'
387 2880 435 2913 oroe
450 2865 605 2927 circulanti
622 2867 745 2914 semitam
759 2868 886 2918 eentcuto=
901 2870 949 2917 Ms.
969 2870 1082 2917 Lambini
1100 2876 1127 2917 et
1139 2870 1181 2917 ed.
1194 2878 1246 2916 vet.
1260 2884 1302 2930 ap.
1320 2868 1397 2917 Grut.

309 2928 430 2979 tsutt'tsrae
440 2929 560 2987 etratus,
573 2938 602 2976 ut
612 2928 724 2977 Rudent
735 2941 761 2978 ot
774 2932 954 2980 ilotorusnnus
966 2933 1066 2994 tegens.
1078 2936 1300 2995 conjecerunt-⁷
1318 2933 1395 2987 Quam

306 2994 335 3043 t'a
345 2994 388 3043 tae
396 2994 535 3057 preme:
557 2994 635 3047 Quam
650 2994 675 3042 t'tt
686 2994 731 3043 buc
738 3010 826 3057 proter·
837 3012 865 3056 χ.
901 2996 953 3046 l’ro
965 2998 1048 3046 verbis
1058 2998 1181 3047 waima
1193 2997 1298 3060 petrosi,
1310 2997 1335 3043 iu
1345 2996 1395 3045 cs

797 3138 907 3189 NOTAE

308 3250 455 3311 implorare·
486 3247 593 3310 Jupiter
604 3256 688 3296 nutem
704 3248 777 3309 quati
789 3250 832 3311 J'u·
903 3250 1106 3315 ‘suffragiisque
1119 3250 1278 3314 permittitur]
1296 3250 1394 3309 Ageba-

308 3336 371 3372 vtus
400 3332 477 3385 pater
498 3322 584 3371 dictus
610 3332 666 3383 est3
694 3322 832 3384 Maximus,
871 3326 1146 3388 turbaeeausaaputl
1158 3326 1395 3390 populorumque

306 3403 416 3462 propter
432 3410 553 3444 summam
565 3408 649 3444 rerum
662 3400 773 3446 omnluru
786 3413 831 3461 po·
871 3402 923 3449 suis
932 3398 1060 3466 suffragiis
1072 3401 1141 3451 ferre
1152 3404 1304 3451 seutentiam
1314 3403 1394 3451 debe·

308 3477 444 3531 testatem
473 3469 603 3533 Optimus,
628 3470 688 3533 quit
716 3472 831 3523 utnuibus
872 3476 924 3525 bat.

307 3546 431 3613 prodesse
448 3544 513 3593 vult.
903 3550 955 3601 ¹1⁸.
967 3552 1080 3616 Iabieae]
1095 3552 1226 3601 Tribunus
1238 3552 1319 3614 plebis
1335 3563 1393 3601 erut

339 3622 453 3671 el’uceut
472 3636 500 3669 aa
519 3618 781 3684 sesmm1l’rufitetur
802 3640 839 3694 ¹⁰,
870 3626 1006 3687 Labienus,
1022 3629 1066 3692 qui
1088 3628 1221 3678 acastre
1243 3626 1342 3677 defecit
1359 3632 1391 3677 ad

306 3698 417 3748 Duorum
429 3710 504 3759 opatu
515 3706 541 3746 et
551 3698 671 3746 auxilium
683 3699 830 3761 implorare.
869 3702 1030 3763 Pompeium.

305 3772 416 3837 Proprie
435 3780 519 3820 autem
538 3772 705 3822 vanitaDits
724 3776 831 3838 petitur,
900 3786 914 3821 t
936 3778 1076 3840 Sentium]
1102 3779 1158 3826 Vox
1179 3778 1221 3826 ilia
1242 3780 1322 3828 semel
1349 3778 1391 3827 bie

306 3862 363 3897 euru
386 3848 463 3895 iratos
486 3846 631 3901 metuimus,
653 3856 681 3896 et
702 3851 828 3913 propitios
868 3850 936 3915 apud
956 3853 1107 3901 Ciceronem
1129 3856 1267 3914 reperitur.
1301 3856 1392 3904 Queri·

305 3922 377 3971 usbia
390 3922 555 3983 postulamus.
868 3934 911 3975 tur
923 3936 1009 3975 sutem
1028 3928 1072 3976 bie
1088 3928 1155 3991 quod
1177 3940 1227 3975 tutu
1238 3930 1316 3977 breve
1326 3938 1390 3979 teur-

336 3997 349 4031 ⁴
367 3998 460 4046 Numen
469 3996 570 4060 accedit]
589 3996 640 4045 Per
652 4012 744 4047 nomeu
758 4000 827 4049 Dee·
869 4004 936 4064 peris
948 4002 1057 4064 spatium
1069 4003 1117 4050 sibi
1135 4002 1168 4050 td
1183 4004 1318 4052 dicentium
1330 4018 1391 4053 cett·

305 4086 360 4121 tutu
374 4072 449 4133 vulgo
459 4080 574 4133 potestas
584 4074 748 4134 intelligitur:
761 4078 827 4125 unde
867 4078 993 4138 eadatur3
1008 4092 1065 4126 curu
1079 4080 1222 4126 recusaturi
1235 4080 1310 4141 vulgo
1322 4081 1389 4129 bore

304 4148 330 4195 lu
345 4146 388 4193 lib.
400 4145 431 4193 tle
444 4146 507 4193 Nat.
519 4148 599 4194 Deor.
618 4150 625 4175 ‘
638 4149 736 4200 Omnes
753 4160 826 4201 utto·
867 4152 936 4213 dua,
946 4150 1075 4200 defensori
1087 4158 1140 4199 tres
1152 4152 1342 4214 permittantur.

305 4236 341 4272 rar
351 4220 446 4271 numini
459 4218 545 4269 diuino
557 4224 668 4282 parent!
689 4235 693 4243 ·
