3234 4909
453 390 505 443 aa
529 390 625 441 uror
649 391 835 456 suerrus,
860 392 902 442 rr.
922 395 1007 444 oar.
1030 379 1085 445 81.
1230 378 1317 455 1215

220 534 288 599 hoc
303 532 461 617 vectigali
476 552 646 619 nunquam
661 536 768 599 malus
782 534 919 599 nuntius
933 537 1065 601 auditus
1088 544 1150 603 est.
1195 536 1317 605 Cetera

224 636 404 718 vectigalia
425 634 504 699 belli
525 635 783 701 difficultatibus
793 644 819 673 ¹⁰
842 636 1048 719 affliguntur:
1072 638 1137 703 boc
1161 642 1318 723 vectigali

222 738 327 803 etiarn
350 737 434 801 belli
457 737 637 802 facultates
662 746 907 801 sustentantur.
959 738 1012 803 84.
1036 740 1169 803 Deinde
1197 742 1230 805 in
1253 743 1317 807 hac

223 838 480 919 assignatione¹¹
504 857 655 919 agrorum
677 858 720 901 ne
741 838 825 904 illud
849 838 983 921 quidem
1003 840 1070 903 dici
1087 848 1211 922 potest,
1228 844 1318 926 quod

224 940 260 1003 iu
280 938 412 1015 ceteris,
424 957 523 1021 agros
537 938 688 1002 desertos
701 960 723 1004 a
737 939 836 1023 plebe
851 949 954 1023 etque
969 959 990 1003 a
1004 942 1136 1005 cultura
1150 941 1317 1009 horninum

224 1040 441 1105 liberorum¹²
463 1058 619 1103 essenon
634 1048 801 1123 oportere.
848 1052 967 1107 xxxr.
989 1040 1048 1107 Sic
1063 1042 1151 1105 enim
1168 1042 1265 1107 dico:
1289 1045 1320 1112 si

226 1140 420 1224 Campanus
441 1160 519 1224 ager
539 1140 721 1217 dividatur,
736 1141 906 1205 exturbari
929 1154 963 1205 et
983 1143 1109 1225 expelli
1130 1142 1261 1225 plebem
1276 1162 1321 1208 ex

224 1243 325 1324 agris,
339 1262 407 1306 uon
420 1243 577 1307 constitui
591 1252 626 1307 et
635 1242 830 1307 collocari.¹³
867 1246 881 1327 [
887 1264 921 1327 p.
933 1242 1001 1323 Sd]
1023 1244 1132 1307 Totus
1144 1244 1230 1307 enirn
1243 1264 1321 1329 ager

221 1342 419 1427 compmos
435 1344 558 1409 colitur
573 1349 606 1407 et
618 1343 810 1426 possidetur
821 1362 842 1406 u
853 1343 965 1425 plebe,
976 1354 1007 1407 ct
1020 1362 1039 1407 e
1052 1344 1150 1426 plebe
1157 1351 1183 1391 ¹⁴
1194 1346 1322 1429 optima

227 1451 262 1508 et
280 1444 662 1527 modestissimez.quod
684 1462 788 1525 geuns
810 1443 977 1508 hominurn
998 1446 1124 1528 optime
1145 1453 1322 1525 moratum,

228 1544 428 1629 optimorum
449 1550 484 1609 et
504 1554 670 1610 aratorum
692 1552 727 1610 et
746 1545 897 1624 militum,
913 1546 957 1609 ab
973 1544 1037 1609 boc
1053 1544 1243 1629 plebicola*¹
1266 1548 1323 1611 tri·

227 1648 352 1711 buno¹⁵
377 1645 524 1711 fonditus
547 1647 688 1731 ejicitur.
742 1644 855 1729 Atque
880 1647 930 1711 illi
954 1646 1078 1725 miseri,
1103 1649 1174 1710 uati
1199 1647 1323 1714 inillis

215 1749 319 1831 ⁴egris
332 1755 368 1811 et
379 1745 551 1825 educati,¹⁶
570 1748 677 1829 glebis
692 1747 885 1828 subigendis
901 1747 1090 1824 exercitati,
1107 1768 1176 1830 quo
1192 1768 1229 1813 se
1243 1752 1322 1815 sub·

229 1850 279 1913 ito
294 1849 473 1926 conferant,
489 1868 556 1914 nou
570 1849 758 1914 hebebant:
781 1849 834 1922 bis
854 1849 1013 1925 robustis,
1028 1852 1060 1911 et
1076 1849 1276 1928 valentibus,
1291 1864 1325 1916 et

231 1949 415 2015 audacibus
425 1957 449 1997 ¹⁷
463 1950 686 2015 decemvirum
700 1949 904 2013 satellitibus
920 1949 989 2031 agri
1005 1948 1171 2031 Campani
1186 1970 1321 2033 posses·

230 2052 282 2115 sio
298 2060 367 2116 tota
382 2051 539 2115 tradetur:
562 2057 609 2128 et,
620 2057 655 2114 ut
669 2068 731 2114 ros
744 2069 834 2115 nuuc
849 2050 891 2114 de
907 2050 1024 2114 restris
1040 2048 1222 2133 majoribus
1238 2072 1324 2135 pros·

231 2152 363 2229 dicatis,
380 2158 390 2189 ‘
407 2152 511 2217 Hunc
532 2172 644 2235 agrum
664 2151 798 2218 uobis¹⁸
815 2151 957 2235 majores
973 2150 1077 2215 nostri
1093 2152 1295 2235 reliquerunt
1306 2153 1326 2237 ;'

231 2255 282 2319 sio
297 2254 397 2318 vestri
412 2252 535 2336 posteri
550 2252 593 2316 de
609 2254 705 2317 vobis
726 2252 966 2335 prredicabunt,
982 2257 991 2287 ‘
1008 2250 1108 2316 Hunc
1131 2271 1243 2333 agrum
1267 2274 1326 2339 pa-

231 2362 298 2419 tres
309 2355 416 2419 nostri
427 2360 596 2437 acceptum
610 2373 631 2417 e
643 2354 791 2437 patribus
802 2352 876 2417 suis
888 2350 1121 2434 perdiderunt!
1154 2352 1208 2417 85.
1223 2350 1326 2436 Equ-

233 2455 308 2519 dem
318 2463 343 2507 ¹⁹
365 2456 532 2530 existimo,
548 2455 578 2517 si
598 2454 672 2538 jam
694 2472 832 2537 campus
855 2452 1000 2544 Martius
1014 2450 1193 2529 dividatur,
1208 2460 1244 2517 et
1258 2456 1329 2519 uui·

234 2556 359 2641 cuique
381 2564 536 2634 vestrum,
551 2556 608 2620 ubi
631 2555 803 2629 consistat,
818 2554 887 2617 bini
907 2540 1014 2637 pedes
1030 2540 1256 2635 assignentu'r3
1277 2562 1328 2621 ta·

234 2676 309 2722 men
320 2658 511 2741 promiscue
520 2664 603 2737 toto,
615 2676 714 2741 quarn
726 2656 859 2739 proprie
872 2674 975 2747 parva
987 2654 1049 2719 irui
1062 2660 1155 2738 parto
1165 2648 1329 2745 rnalitis.¹⁰

237 2756 360 2835 Quare,
375 2759 503 2823 etiamsi
525 2760 568 2823 ad
585 2777 645 2823 vos
659 2763 752 2821 esset
771 2756 923 2836 singulos
943 2754 1072 2838 aliquid
1093 2775 1137 2819 ex
1159 2756 1226 2823 hoc
1248 2778 1328 2841 egro

236 2865 480 2941 perventurum,
496 2860 556 2945 qui
578 2858 694 2923 vobis⁸
718 2855 913 2931 ostenditur,
930 2854 1008 2919 aliis
1024 2863 1257 2940 comparatum
1278 2865 1329 2924 ta-

692 3010 879 3036 ”0006an

236 3106 352 3155 titre-ld
367 3106 432 3155 blas.
443 3103 558 3155 nonnulli
570 3108 599 3153 et
611 3103 671 3153 edd.
683 3101 749 3152 ven.
760 3104 833 3152 itas.
850 3099 924 3150 lunt.
940 3096 1013 3146 Crat.
1030 3096 1140 3148 Lsursd.
1152 3098 1230 3147 Grut.
1240 3100 1330 3150 Grer.

237 3170 307 3220 0tir.
320 3170 373 3219 belli
377 3170 544 3232 facultatibus.
562 3168 646 3220 Paulo
657 3166 789 3231 post,delli
798 3164 950 3231 difficultates
958 3162 1029 3211 l’itb.
1039 3171 1066 3211 et
1076 3162 1133 3211 l’al.
1143 3167 1230 3213 2—11
1249 3166 1331 3216 ouin-

237 3248 290 3299 qus
300 3233 403 3284 Osann.
415 3235 478 3285 blau.
488 3235 515 3283 iat
523 3236 567 3284 ills
575 3234 717 3294 susp-ll
734 3230 791 3281 Eri.
801 3231 894 3285 litteren
906 3235 936 3275 ut
947 3227 1082 3277 Puteanus
1093 3228 1251 3291 conjuraret.

271 3297 340 3347 Car.
357 3311 441 3347 xxxr.
472 3303 505 3349 lt
522 3298 695 3348 ‘constitrdet
709 3293 831 3356 cedomi]
847 3291 954 3342 Excidit
964 3291 991 3340 ts
1001 3292 1068 3353 egris
1079 3298 1140 3341 suto
1151 3297 1183 3343 et.
1215 3293 1303 3343 intelli
1323 3292 1332 3341 i

239 3360 331 3413 durum
342 3361 400 3411 est!
413 3363 539 3413 Era-ll
558 3362 644 3411 Verba
660 3366 684 3410 et
699 3376 715 3409 u
730 3361 794 3425 plebe
804 3361 832 3407 iu
844 3356 905 3405 edd.
917 3355 1044 3405 nonnullis
1054 3358 1281 3407 omittuntur-tt
1315 3372 1333 3407 u

240 3426 477 3489 cllstribmpl.
502 3427 744 3490 instruet-ld
759 3420 1008 3473 utillimae
1023 3418 1334 3483 stnutnatttragrb

239 3494 369 3541 educ-lt
387 3492 474 3540 Verba
483 3495 508 3539 et
518 3490 646 3540 audradus
656 3491 682 3539 iu
694 3491 807 3554 quinque
823 3486 927 3537 Oxoun.
940 3486 1005 3535 Mos.
1018 3484 1182 3535 omittuntur.
1215 3488 1333 3551 Utroque

242 3554 307 3604 Vsu.
318 3555 452 3617 periodum
470 3569 562 3604 norsrn
582 3567 599 3602 ι
616 3554 700 3603 verbis
719 3554 768 3602 llis
783 3548 834 3600 rol·
844 3550 986 3609 exorditur,
997 3555 1025 3598 et
1037 3548 1131 3599 delude
1142 3551 1251 3599 tradatur
1260 3552 1335 3613 legit,

241 3619 405 3681 improbrare
416 3620 544 3670 Garates.
577 3618 608 3668 la
626 3619 649 3668 c
665 3618 789 3667 nodum
817 3614 843 3664 Η
861 3610 989 3663 trodonei
1009 3613 1034 3689 ,Β
1045 3627 1064 3674 χ
1074 3615 1256 3663 tradam-18
1274 3615 1335 3677 lox

241 3684 401 3733 decorandis.
431 3684 496 3735 GH
512 3684 530 3733 S
544 3683 640 3731 tabern
654 3681 728 3730 sodis.
760 3681 825 3728 ’l'uru
837 3678 859 3726 c
873 3678 897 3725 ll
911 3679 1025 3737 anas.
1037 3678 1184 3725 uestri-10
1200 3677 1336 3730 CllSEt

239 3749 407 3811 quidm—lt)
425 3749 487 3797 Ero.
498 3761 513 3795 e
524 3747 675 3811 conjectura
687 3759 745 3794 cum
757 3742 839 3795 Beck.
854 3748 881 3789 et
898 3739 1002 3789 Weiske
1018 3739 1102 3787 edidit
1112 3740 1214 3789 molitio:
1231 3739 1334 3791 Schuts.

241 3826 257 3862 s
270 3814 352 3865 tribus
364 3812 470 3863 Oxoun.
480 3812 545 3861 bles.
556 3812 658 3877 noletis,
667 3824 720 3860 nou
731 3810 841 3871 improb.
851 3803 935 3855 beck.
969 3802 1068 3853 Ornues
1079 3802 1137 3853 aliae
1154 3803 1213 3853 edd.
1225 3804 1335 3863 nudrtn.

734 3961 842 4014 1³01·AE

275 4079 288 4114 t
306 4070 438 4134 Plebiutr]
454 4070 542 4121 lrsola
552 4069 586 4119 ad
602 4076 771 4121 mauron.
811 4068 891 4131 igitur
913 4062 1004 4114 Rullus
1024 4058 1123 4125 ratgar
1140 4060 1272 4125 populum,
1290 4074 1338 4125 per

244 4148 388 4200 Plebiooln
405 4149 537 4199 enimvero
552 4138 715 4210 dicebantur,
727 4148 772 4210 qui
813 4142 920 4192 ironiam
932 4136 1083 4204 plebicolsar
1095 4142 1179 4187 vocat.

244 4222 345 4285 optime
355 4222 388 4273 de
399 4222 476 4287 plebe
491 4222 579 4274 meriti
590 4228 675 4273 eraut.
707 4220 771 4272 Cum
