3234 4909
534 464 604 512 nno
629 461 803 522 nonnul,
827 450 963 510 orm-5.
1210 448 1296 513 1393

202 610 282 675 lex·
304 608 409 690 magis
430 606 586 690 qnoedem
612 605 833 680 soonentorin,
855 622 954 687 quom
978 622 1055 668 vern
1075 605 1297 673 maledicendi

202 710 349 775 facultas
369 709 412 772 de
435 711 503 773 vite
525 708 564 773 L.
583 708 732 772 Murenae
754 706 866 771 dicere
883 705 1007 788 aliquid
1025 704 1182 787 oo'dgerit.
1228 706 1296 773 Ob

198 810 295 893 jecta
316 816 368 873 est
385 810 471 874 enim
490 809 618 887 Λείας·
642 827 719 891 quse
742 806 872 871 abhoc
894 825 958 870 non
980 806 1021 869 ad
1043 807 1243 889 voluptatem
1265 816 1299 874 et

203 909 371 974 luxoriam
393 910 544 993 expetito
566 916 627 986 est,
651 909 710 973 sed
732 908 765 971 in
787 908 945 972 militari²
968 908 1080 972 labore
1104 916 1299 990 peragrate:

204 1012 263 1095 qui
286 1011 316 1075 si
342 1011 551 1087 adolescens,
566 1016 661 1094 petre
682 1030 745 1075 suo
760 1008 985 1093 imperatore,b
998 1028 1063 1073 non
1083 1010 1300 1087 meruissent

205 1116 263 1174 nni
287 1112 427 1188 bostem,
453 1116 511 1175 snt
533 1114 636 1195 patris
657 1113 833 1195 imperinm
857 1111 1018 1187 timuisse,
1042 1115 1100 1173 ent
1122 1128 1143 1173 o
1162 1118 1302 1192 parente

204 1210 399 1295 repudiatus
415 1211 588 1277 rideretur.
624 1210 703 1291 Ao}
718 1231 794 1276 oum
812 1211 925 1276 sedere
940 1211 974 1275 in
989 1212 1086 1294 equis
1099 1211 1299 1295 triumphen-

206 1313 287 1377 tium
311 1314 505 1396 praetextati
528 1314 740 1397 potissimum
754 1313 836 1377 liliie
852 1312 995 1390 soleant,
1009 1310 1086 1377 buin
1102 1313 1201 1377 donis
1215 1312 1301 1377 rnili-

206 1413 357 1477 toribusd
373 1415 474 1494 patris
489 1414 689 1497 triumphum
705 1413 862 1477 decorare
878 1413 1069 1495 fugiendum
1084 1412 1171 1490 snit:
1194 1420 1230 1477 ut
1250 1433 1300 1476 ro-

206 1512 272 1577 bus
287 1514 506 1577 communiter
521 1514 624 1596 gestis
638 1532 734 1596 poene
749 1514 847 1577 simul
863 1532 936 1577 oum
952 1518 1047 1595 petre
1061 1511 1299 1595 triumpharett

206 1613 260 1677 12.
284 1614 355 1678 llio
379 1634 467 1693 vero,
484 1616 629 1700 judices,
649 1621 683 1677 et
705 1614 768 1677 snit
790 1613 825 1677 in
847 1612 944 1691 Asia,
961 1621 995 1680 et
1018 1616 1090 1678 viro
1108 1615 1302 1691 fortissimo,

208 1717 338 1799 parenti
357 1736 430 1793 sno,
446 1736 568 1798 magno
581 1716 770 1799 adjumento
784 1715 818 1777 in
833 1715 1005 1797 periculis,
1020 1716 1145 1779 solutio
1163 1716 1195 1777 in
1210 1716 1300 1779 lobo-

206 1815 309 1894 ribus,
325 1818 559 1898 gratulationi4
580 1817 615 1880 in
638 1816 778 1879 victoria
794 1814 868 1878 suit.
913 1814 966 1893 Et,
981 1817 1010 1879 si
1031 1816 1131 1880 hebet
1146 1815 1233 1881 Asia
1247 1836 1301 1881 su-

237 1974 250 1997 ·
269 1966 426 2015 Cmnetudo.
587 1964 754 2015 tMtttraeur.

662 2113 841 2135 conrnune

208 2220 319 2271 Quintil.
352 2221 425 2279 Mox,
443 2221 470 2270 le
487 2223 686 2284 reprehensionem
704 2222 762 2271 uita
778 2222 808 2271 Τ.
825 2222 851 2270 in
862 2219 1015 2271 contemtione
1027 2219 1106 2271 Cp!
1123 2221 1178 2272 ct·
1193 2224 1233 2271 red
1244 2226 1267 2269 et
1278 2222 1305 2271 in

140 2290 149 2305 ‘
208 2284 317 2333 militari·
350 2286 423 2339 Mox,
435 2286 639 2347 protentum,
649 2302 670 2347 χ
680 2285 761 2335 bebet
775 2286 801 2332 ie
816 2285 904 2349 petrin.
930 2284 1042 2342 Deinde,
1053 2286 1178 2348 imperinm
1189 2286 1305 2334 timuisset

209 2348 231 2395 c
242 2347 268 2395 U
277 2350 303 2410 ψ.
319 2349 454 2411 repudietur
465 2363 513 2398 eree
524 2350 643 2398 videnter
656 2349 793 2397 inumb-tl
805 2346 858 2395 Aet
867 2346 944 2395 codd.
955 2361 1000 2396 eex
1013 2347 1098 2396 Oxou.
1109 2356 1136 2397 et
1147 2348 1181 2397 U.
1208 2348 1306 2405 Verbo,

210 2415 351 2473 pretextati
366 2427 390 2474 p.
401 2412 427 2472 j.
437 2427 459 2461 r.
469 2414 528 2462 bd.
539 2428 607 2476 mn
618 2413 770 2477 triensem,
781 2412 877 2462 derunt
888 2412 914 2460 in
924 2410 957 2461 Τ.
990 2410 1063 2468 Mox,
1078 2416 1106 2461 et
1116 2426 1146 2461 re
1159 2411 1263 2461 nnuc
1279 2412 1306 2465 Η

705 2572 814 2624 Nom

243 2682 344 2747 dein]
368 2684 397 2733 Τ.
416 2685 505 2735 Lirinr
523 2686 567 2736 lib.
586 2700 690 2735 xxxiv.
703 2686 738 2734 A·
778 2684 932 2735 Pretexteti
950 2692 1037 2734 entem
1057 2698 1072 2732 ι
1094 2690 1225 2747 prretexte
1243 2685 1308 2736 dieti

210 2758 273 2808 riem
286 2759 451 2809 eitornnibur
463 2760 596 2811 libidinum
608 2760 739 2811 illecebris
778 2768 848 2810 runt.
881 2762 943 2809 Fuit
960 2767 1044 2809 entem
1064 2760 1106 2808 ille
1124 2766 1186 2821 tege
1203 2760 1307 2825 quidem

212 2834 338 2895 repletam
359 2832 449 2896 tulere,
469 2844 497 2884 et
519 2836 578 2885 inde
597 2837 738 2884 Romennm
779 2828 903 2890 elbe',red
915 2850 972 2899 que
989 2836 1015 2884 in
1030 2849 1075 2884 ore
1086 2835 1198 2885 bebebrt
1211 2850 1306 2900 pnrpu-

209 2909 338 2957 lnxnrirm
350 2916 433 2958 ortem
440 2906 534 2958 iniere:
548 2916 576 2957 et
588 2908 632 2956 lib.
640 2920 741 2957 xnu-
780 2924 842 2959 rem.
876 2909 934 2959 ileo
951 2911 1090 2961 utebantur
1112 2909 1196 2973 pueri,
1212 2911 1307 2971 mugir-

210 2984 319 3032 lnrnrire
338 2984 483 3047 peregrine
502 2984 626 3047 originem
644 2983 676 3032 eb
695 2996 739 3031 ex·
780 2990 871 3039 tratur,
884 2983 1041 3047 eeeerdoter,
1050 2989 1078 3032 et
1089 2984 1105 3032 ii
1119 2985 1162 3048 qui
1175 2984 1306 3046 publicum

211 3059 295 3107 ereitn
315 3058 429 3108 Aristion
451 3058 580 3108 inventam
602 3058 628 3106 in
650 3057 739 3105 urbem
779 3072 872 3107 mnnnr
895 3058 1030 3109 onrebrnt.
1071 3058 1150 3117 ilino,
1167 3066 1194 3107 et
1218 3060 1259 3121 qui
1282 3060 1307 3107 in

212 3130 300 3182 fuirre.
780 3143 860 3184 etete
870 3142 957 3184 errent
970 3140 1135 3199 protestate,
1147 3134 1173 3183 id
1184 3142 1234 3195 eet,
1246 3149 1308 3196 pue·

244 3210 256 3243 b
272 3209 349 3257 Putre
358 3222 399 3257 erre
411 3208 564 3274 wetere]
577 3210 608 3258 L.
617 3210 740 3269 Merene,
780 3211 832 3273 rili,
841 3218 869 3260 et
881 3212 924 3276 qni
942 3212 967 3260 ln
985 3210 1145 3275 megistretn,
1156 3210 1308 3273 praetexteti

211 3283 279 3332 illiue
289 3296 393 3344 perenn,
406 3284 432 3332 in
445 3284 508 3334 dein
521 3287 547 3334 in
559 3285 627 3335 bello
639 3286 738 3333 Mithri·
780 3287 845 3337 dicti
857 3294 926 3335 eunt.

212 3358 302 3406 dstieo
318 3355 397 3406 eun·
417 3359 517 3422 legetur
535 3357 595 3409 fnit.
627 3360 665 3421 Ie,
681 3376 740 3410 cnm
813 3360 921 3411 ilionis
936 3359 1092 3425 militaribus]
1117 3360 1195 3410 Dour
1213 3360 1308 3411 milite·

211 3436 292 3489 Solle,
314 3434 366 3484 icto
386 3434 484 3486 ludere
506 3452 563 3487 enm
578 3437 741 3501 Mithridete,
782 3436 991 3499 rindioebentnr,
1007 3451 1064 3501 ane
1077 3436 1179 3486 rirtntir
1196 3449 1259 3499 ergo
1276 3434 1308 3483 eb

212 3510 326 3560 cirillum
337 3512 533 3562 contentionum
545 3527 622 3562 eenee
633 3514 740 3563 liomern
781 3514 939 3577 imperotores
971 3511 1158 3575 triumphaturo
1185 3509 1309 3559 militibus

212 3585 375 3647 revertisset,
391 3598 450 3634 oum
468 3586 623 3635 Mithridate
646 3587 741 3636 bellurn
782 3588 921 3643 debentur,
933 3593 1082 3642 nteoronae,
1096 3593 1210 3649 torques,
1222 3584 1308 3633 armil-

213 3659 359 3711 renorerir.
386 3660 640 3724 Nem,utreliqoem
655 3660 742 3709 Artem
782 3662 824 3720 le,
839 3662 921 3710 bertae
934 3675 1016 3725 pnrre,
1030 3659 1152 3723 pbslerre,
1168 3658 1309 3720 corniculo,

212 3742 393 3801 componeret,
406 3749 464 3785 oum
478 3734 578 3784 dnnbnr
598 3735 743 3797 legionibus
783 3739 832 3786 &n

215 3812 382 3863 relictnreet·
815 3818 826 3843 ⁰
847 3807 1080 3871 Fugierdemjeit]
1104 3806 1208 3856 lronie:
1236 3807 1309 3871 qneri

246 3895 257 3920 ⁶
274 3885 423 3937 Protectoti
438 3885 585 3948 petierim
596 3884 660 3949 filit]
684 3884 742 3934 l’rl·
783 3884 978 3949 propterritrm
990 3883 1015 3932 ln
1027 3884 1088 3932 Aris
1101 3882 1214 3945 turpiter
1225 3890 1309 3933 entem

214 3978 271 4013 mue
291 3963 403 4012 omnium
418 3962 573 4025 Terqniniur
586 3963 691 4011 Prleenr
709 3960 743 4011 de
783 3958 933 4023 fugiendum
952 3956 1043 4007 iniunt
1059 3956 1189 4018 Morene,
1214 3970 1246 4007 ne
1263 3972 1308 4021 pe·

214 4037 317 4088 Sebinie
337 4038 497 4101 triumphans
515 4036 595 4086 filium
612 4051 693 4087 annor
705 4042 745 4087 14.
784 4033 866 4084 rentie
889 4032 1044 4095 triumphum
1063 4031 1216 4081 decoraret:
1235 4042 1309 4095 peter

217 4116 316 4173 netum,
327 4111 396 4175 qood
407 4112 508 4163 boetem
525 4114 552 4162 in
563 4127 595 4163 eo
606 4111 675 4162 bello
686 4126 744 4177 per·
784 4112 853 4160 eninr
865 4109 919 4173 ejus
931 4118 990 4172 port
1003 4109 1099 4158 Sullsm
1112 4108 1144 4157 de
1155 4106 1308 4159 Mithridate

216 4192 341 4248 curreret,
359 4195 388 4235 et
410 4201 457 4252 pro
480 4188 603 4237 eoneione
621 4187 746 4252 leoderii,
785 4185 961 4250 triumpharit.

217 4267 245 4309 et
255 4259 326 4310 bulle
336 4274 425 4325 rores,
435 4270 617 4327 pretextrque
628 4262 743 4313 donerit.

285 4358 373 4417 Delpl.
380 4364 404 4408 et
417 4358 474 4408 Ver.
488 4360 553 4408 cler·
716 4360 807 4410 Cicero.
1156 4355 1235 4408 tlt
