3234 4909
450 424 499 473 nn
523 422 619 471 unca
644 420 833 484 scalers,
859 422 898 469 rr.
923 422 1004 471 cnr.
1027 408 1060 471 5.
1220 404 1306 471 1163

209 564 441 642 'clarissima'¹
463 564 768 649 ingeniosissimos,
796 564 1047 629 amantissimos
1075 562 1205 646 piebis⁵
1236 561 1306 627 Ro-

209 686 318 732 manee
333 665 437 740 viros,
454 665 509 729 Ti.
524 671 558 729 et
573 664 612 729 G.
628 664 814 738 Gracchos,
830 665 964 749 plebem
988 666 1023 728 in
1046 664 1135 745 agris
1160 664 1305 747 publicis

209 767 437 842 constituisse,
453 767 512 849 qui
526 768 598 849 agri
614 788 634 831 a
648 768 789 850 privatis
805 772 901 830 antea
922 764 1188 848 possidebantur.
1228 765 1307 830 Non

210 886 284 930 sum
301 874 411 931 antem
426 885 488 947 ego
502 866 534 930 is
555 867 689 944 consul,
705 868 775 949 qui,
791 875 830 931 ut
846 866 1008 950 plerique,
1023 865 1115 930 netas
1130 884 1205 930 essa
1221 866 1306 929 arbi·

209 966 300 1046 trer,⁶
320 966 496 1032 Gracchos
522 966 678 1047 laudare;
705 986 844 1049 qnorum
868 968 1028 1044 consiliis,
1050 968 1242 1049 sapientis‚⁷
1262 966 1307 1031 le-

209 1070 334 1151 gibus,¹
356 1067 481 1132 multas
504 1088 580 1132 esse
607 1068 707 1133 rideo
733 1068 929 1151 reipublicae
956 1075 1069 1151 partes
1096 1069 1308 1133 constitutae.

207 1171 262 1233 ll.
284 1167 418 1253 Itaque,
436 1177 474 1235 ut
496 1170 591 1235 initio
606 1170 701 1248 mibi,
718 1170 895 1251 designato
911 1168 1054 1247 consuli,
1068 1168 1307 1248 nuntiabatur,⁸

207 1270 313 1352 legem
339 1272 503 1353 agrariam
526 1272 678 1335 tribunos
706 1270 816 1354 plebis
847 1270 1043 1351 designatos
1074 1271 1307 1350 conscriberet

209 1372 411 1454 cupiebam,⁹
433 1371 514 1456 quid
536 1374 732 1454 cogitarent,
758 1391 971 1454 cognoscere.
1018 1370 1152 1435 Etenim
1168 1372 1309 1435 arbitra·

210 1472 280 1549 bar,
297 1472 457 1554 quoniam
473 1474 590 1537 eodem
607 1493 692 1537 anno
704 1480 731 1511 ¹⁰
753 1473 885 1554 gerendi
900 1474 999 1536 nobis
1011 1478 1121 1537 essent
1134 1472 1308 1553 magistra·

209 1579 274 1651 tus,
291 1593 367 1638 esse
381 1575 528 1657 aliquam
544 1582 700 1657 oportere
715 1576 802 1639 iuter
818 1594 881 1637 nos
896 1574 1091 1657 reipublicae
1103 1580 1126 1613 ¹¹
1149 1574 1234 1637 bena
1247 1574 1305 1637 ad·

208 1670 434 1736 ministrandae
448 1672 651 1737 societatem.
681 1672 733 1736 12.
749 1672 836 1737 Cum
850 1671 1055 1735 familiariter
1071 1690 1123 1733 me
1138 1672 1172 1735 in
1189 1690 1305 1735 eorum

208 1789 391 1835 sermonem
414 1771 619 1837 insinuarem
633 1776 659 1808 ¹²
682 1790 725 1837 ac
751 1774 888 1852 darem3
911 1773 1055 1849 celabat,
1080 1772 1305 1853 excludebarr

208 1872 252 1944 at,
268 1888 345 1933 cum
358 1870 580 1947 ostenderem,
594 1869 625 1933 si
645 1870 703 1935 lex
723 1869 815 1933 utilis
834 1868 924 1951 plebi
942 1868 1106 1933 Romana
1121 1869 1200 1933 mibi
1210 1876 1247 1917 ¹³·
1258 1872 1307 1934 vi·

207 1967 352 2047 deretur,
374 1964 547 2034 auctorem
574 1988 627 2034 me
658 1976 761 2053 atque
786 1970 969 2053 adjutorem
999 1969 1164 2048 iuturum3
1196 1976 1307 2035 tamen

210 2071 475 2153 aspernabantur
486 2078 514 2120 ¹⁴
534 2071 618 2137 banc
637 2070 873 2135 liberalitatem
890 2090 995 2135 means
1008 2078 1038 2136 :³
1062 2072 1237 2154 negabant,
1255 2090 1307 2136 me

207 2168 331 2236 adduci
355 2192 466 2256 posse,
497 2176 533 2237 ut
557 2173 661 2237 ullam
689 2172 897 2255 largitionem
909 2178 934 2217 ¹⁵
957 2173 1142 2254 probarem.
1190 2172 1306 2237 Finem

207 2269 273 2335 ieci
288 2272 450 2338 offerendi
466 2274 541 2352 mei,
553 2292 596 2339 ue
615 2275 701 2338 torte
722 2292 797 2337 mea
817 2272 979 2337 sedulitas
994 2278 1053 2337 aut
1067 2273 1232 2338 insidiosa
1247 2282 1307 2337 aut

191 2372 381 2456 'impudens
395 2374 571 2440 rideretur.
615 2374 751 2439 Interea
772 2391 838 2439 nou
862 2373 1092 2439 desistebant·
1114 2374 1201 2439 clam
1218 2374 1302 2439 inter

239 2626 304 2676 Cen.
322 2640 350 2676 v.
383 2631 398 2675 t
418 2626 444 2677 H
455 2628 502 2690 8χ
512 2632 531 2691 ψ
537 2627 658 2692 pult-u
673 2628 789 2679 Arbitror
799 2629 822 2680 C
833 2628 859 2679 H
871 2628 889 2678 S
900 2644 936 2691 x:
947 2626 1080 2677 arbitrarer
1091 2630 1166 2690 rte-t
1184 2626 1253 2676 Ante
1267 2640 1306 2677 so·

204 2690 295 2754 pientio
311 2691 338 2740 Η
349 2690 422 2769 sddit
433 2696 551 2769 copulatu
562 2699 596 2770 et.
623 2694 697 2755 Mar,
714 2709 762 2757 pro
773 2693 908 2755 reipublice
919 2694 985 2771 idem
997 2693 1048 2742 llis.
1060 2693 1137 2741 babet
1147 2693 1228 2755 populi
1241 2692 1307 2741 ll.—

206 2755 851 2883 ...ucffi3
861 2757 1038 2883 eruta
1053 2757 1307 2883 turtures}

207 2887 238 2933 lt
254 2884 286 2933 Iu
297 2883 324 2933 H
334 2884 409 2933 deest
420 2884 563 2948 retpsttieae.
594 2886 654 2934 Vos
665 2885 722 2935 tese
733 2885 845 2935 Ernesto
855 2891 976 2946 suspects
987 2882 1111 2934 iola-lt
1129 2884 1243 2933 Turnebl
1255 2882 1306 2933 bis.

207 2948 337 3007 Crassus.
348 2949 375 2997 is
386 2964 437 2998 esst
447 2963 518 2998 serss.
526 2963 563 2998 sse
571 2949 645 2998 issia.
676 2949 746 2999 Dein
757 2956 819 2999 sute
827 2948 919 2998 celeber
928 2947 1028 3007 xsddit
1038 2953 1163 2997 essse-1⁸
1181 2948 1246 2996 Milsi
1254 2961 1305 2997 noa

207 3014 292 3063 estin
307 3012 409 3064 n.-rr
425 3029 445 3076 χ
460 3012 703 3077 mamere-lb
720 3012 793 3064 Pltb.
817 3012 910 3062 liranc.
932 3010 1048 3061 Turnebi
1065 3012 1129 3061 Mss.
1147 3018 1174 3061 et
1190 3012 1306 3075 qrsluqus

703 3166 814 3218 NOTAE

238 3277 250 3304 ⁸
266 3270 335 3321 Dsss
348 3270 502 3335 clarissim]
524 3273 606 3323 Pater
624 3271 733 3323 duorum
774 3272 832 3322 bem
844 3284 873 3321 se
884 3270 1060 3330 contulerunt,
1070 3276 1097 3318 et
1105 3268 1175 3332 leges
1184 3268 1307 3333 agrarias,

206 3344 393 3403 Grsceborum,
412 3347 442 3394 'l'-
464 3348 631 3409 Sempronius
652 3346 735 3398 Grec·
775 3353 901 3415 perpetus
913 3347 1067 3397 seditionum
1084 3346 1191 3403 seniles,
1209 3347 1305 3396 retule-

206 3421 278 3477 cbus,
292 3428 320 3471 et
330 3436 425 3485 genere
436 3430 464 3471 et
478 3423 586 3485 publicis
595 3423 735 3474 bonoribus
777 3432 844 3474 runt.
879 3424 1029 3474 Laudentur
1045 3430 1133 3472 sutem
1152 3422 1194 3471 blc
1205 3435 1220 3469 s
1232 3422 1305 3471 Cice·

206 3498 364 3547 clarissimus
381 3496 451 3548 tuit:
469 3498 495 3547 in
512 3496 663 3561 Hispaniam
676 3513 734 3561 pro-
776 3515 847 3563 rsus,
867 3514 901 3549 ue
922 3500 1017 3561 populo
1036 3498 1184 3561 displiceat,
1204 3497 1245 3547 cul
1264 3496 1305 3545 llll

205 3574 296 3623 consul
313 3574 413 3637 missus,
433 3571 578 3623 Celtiberos
597 3574 624 3621 in
641 3574 736 3623 dediti·
774 3574 895 3637 luprimls
918 3574 1026 3636 grstlesi
1048 3571 1163 3622 irreruut.
1207 3572 1304 3621 Eurum

148 3672 151 3675 ⁴
205 3662 282 3697 onem
300 3649 421 3710 suscepit:
439 3661 544 3697 uxorem
565 3648 656 3697 trsbolt
672 3648 734 3697 Cor·
774 3648 873 3699 eadem
891 3654 981 3696 uarrst
999 3646 1136 3709 Appisnns
1158 3646 1225 3695 Bell.
1245 3645 1304 3695 cir.

204 3724 309 3785 aelim
319 3738 352 3773 ex
361 3724 513 3788 Scipionum
523 3722 631 3780 familis,
642 3720 735 3785 lusigui
775 3725 792 3775 1.
805 3736 826 3773 r.

206 3800 334 3863 pudicitia
345 3806 373 3851 et
382 3800 530 3850 eruditione
540 3798 685 3859 mullerem,
702 3811 736 3847 ex
806 3806 819 3842 5
835 3796 1014 3847 Liberalitatem
1024 3794 1111 3858 saecu]
1128 3796 1182 3846 Per
1193 3794 1304 3847 liberali·

204 3890 255 3941 qus
277 3876 409 3928 'liberium
437 3882 466 3926 et
488 3876 581 3926 Caium
602 3874 734 3925 Gracchos
776 3880 858 3924 tatem
868 3886 939 3921 susm
948 3872 1066 3935 designat
1075 3872 1167 3921 OEcero
1178 3876 1304 3935 prorutam

204 3953 331 4017 suscepit,
340 3950 537 4018 generosissime
547 3950 671 4002 iudoleet
681 3951 733 4001 elo·
775 3949 918 4001 officiorum
930 3948 1096 3997 oblationem.

204 4028 312 4091 quentis
322 4028 465 4078 mirabiles.
805 4035 817 4061 ²
832 4027 929 4077 lateres
944 4038 991 4073 son
1007 4022 1161 4088 desistebunt]
1176 4022 1304 4075 Tribunu-

236 4110 251 4138 ¹
265 4103 467 4167 Legttsslcurn
479 4108 590 4167 uterque
600 4099 735 4151 Grsecbus
775 4116 831 4152 rum
843 4099 949 4149 fraudes
969 4098 1079 4164 detegit,
1099 4112 1162 4165 quus
1185 4097 1305 4151 trahitis

207 4178 263 4241 plus
274 4194 348 4243 equo
363 4179 514 4243 populsresn
527 4177 645 4242 plausum
656 4175 735 4228 sll'ec·
775 4176 956 4241 suspicionem.

206 4259 304 4312 tsreut,
319 4255 418 4306 relictis
435 4253 614 4319 optimatibus,
628 4253 661 4303 sd
681 4253 735 4317 ple·
